2300 3886
221 201 339 266 aaa
786 211 1108 254 INSTITUTES
1151 211 1224 252 DE
1268 209 1575 252 JUSTINIEN.

229 363 2170 395 W

519 495 778 539 (HTRE
811 495 925 540 lx.
1473 491 1813 538 strumus
1843 485 1962 548 {lx

265 604 317 634 DU
347 601 536 632 DOMMAGE
569 592 694 633 CAUSI'z
724 601 802 633 PAR
832 603 886 633 UN
916 594 1192 637 QUADRUPEDE.
1282 600 1316 630 SI
1331 600 1558 636 QUADRUPES
1573 599 1793 631 PAUPERIEM
1810 579 1967 629 FEClSSE
1980 597 2166 629 DICATUR.

298 696 552 765 Lorsque
577 733 590 756 ,
643 688 782 743 dans
834 711 908 744 un
960 695 1116 745 acces
1164 684 1262 802 de}
1361 687 1695 742 Animalium
1759 689 1987 741 nomine
2045 701 2170 762 quae

223 771 369 844 gaite
391 810 405 833 ,
441 766 512 822 (le
544 766 774 822 chaleur
797 787 867 821 ou
892 767 960 821 de
985 769 1231 832 ferocite,
1283 770 1496 820 ratione
1521 779 1727 831 carent,
1752 766 1798 819 si
1819 785 1929 841 qua
1949 762 2175 818 lascivia

222 846 301 901 les
323 847 587 899 animaux
610 845 927 920 depourvus
954 844 1022 899 de
1053 848 1237 899 raison
1285 858 1381 898 aut
1415 844 1630 898 fervore
1663 856 1760 896 aut
1791 843 2005 896 feritate
2036 861 2175 914 pau—

225 937 453 978 causent
478 921 719 999 quelque
741 921 906 997 degat
923 965 935 988 ,
961 923 1013 975 la
1044 923 1116 976 loi
1142 922 1237 976 des
1291 923 1493 994 periem
1516 921 1760 986 fecerint,
1790 918 2003 974 noxalis
2029 919 2172 972 actio

223 1003 413 1055 Douze
457 999 660 1054 Tables
695 998 878 1053 donne
921 1019 1027 1053 une
1060 1002 1238 1054 action
1290 998 1407 1074 lege
1467 997 1767 1052 Duodecim
1823 994 2171 1051 Tabularum

226 1077 451 1141 noxale3
470 1075 827 1132 etl'abandon
844 1075 912 1129 de
928 1096 1017 1131 ces
1031 1083 1240 1132 memes
1289 1077 1505 1151 prodita
1529 1089 1628 1130 est.
1652 1079 1789 1145 Quae
1825 1072 2102 1137 animalia,
2128 1074 2173 1126 si

228 1158 491 1210 animaux
533 1154 684 1207 suffit
739 1174 883 1229 pour
930 1153 1131 1211 liberer
1193 1155 1241 1208 le
1291 1174 1448 1209 noxae
1507 1152 1819 1218 dedantur,
1883 1149 2183 1227 proficiunt

228 1232 562 1300 defencleur3
588 1235 683 1285 oar
703 1234 843 1286 ainsi
869 1231 917 1285 le
945 1247 1072 1288 veut
1094 1233 1146 1286 la
1171 1232 1244 1286 loi
1296 1252 1386 1286 reo
1413 1231 1483 1285 ad
1509 1231 1922 1295 liberationem,
1950 1231 2080 1304 quia
2107 1229 2181 1282 ita

231 1309 329 1364 des
364 1314 552 1363 Douze
583 1308 939 1385 Tableszpar
971 1310 1244 1386 exemple,
1297 1309 1382 1364 lex
1451 1309 1755 1364 Duodecim
1828 1304 2174 1362 Tabularum

231 1386 522 1463 lorsqu⁷un
545 1386 739 1440 cheval
768 1406 840 1441 ou
861 1407 938 1440 un
961 1387 1117 1443 boeuf
1132 1402 1244 1452 ont,
1297 1388 1499 1463 scripta
1523 1401 1605 1441 est
1630 1409 1640 1441 z
1669 1401 1729 1440 ut
1749 1398 1905 1462 puta,
1933 1386 1978 1438 si
2000 1401 2178 1459 equus

234 1466 456 1519 suivant
478 1464 598 1518 leur
633 1464 914 1531 habitude,
955 1468 1114 1539 porte
1136 1466 1249 1520 l'un
1297 1465 1620 1522 calcitrosus
1650 1465 1798 1520 calce
1833 1461 2190 1538 percusserit,

237 1542 334 1596 des
375 1562 552 1616 coups
596 1540 666 1595 de
711 1544 835 1616 pied
861 1585 873 1608 ,
927 1542 1114 1598 l'autre
1155 1543 1251 1597 des
1300 1558 1398 1598 aut
1427 1544 1527 1599 bos
1564 1562 1738 1598 cornu
1773 1555 1962 1617 petere
1995 1537 2191 1595 solitus

237 1639 413 1694 coups
471 1619 540 1672 de
604 1637 819 1673 comes.
863 1622 1016 1674 Cette
1069 1624 1252 1675 action
1304 1623 1535 1696 petierit.
1567 1623 1695 1674 Haec
1729 1633 1917 1674 autem
1955 1620 2098 1673 actio
2129 1618 2188 1669 in

238 1715 517 1751 concerne
539 1695 618 1749 les
643 1697 904 1750 animaux
924 1700 1018 1772 qui
1043 1711 1256 1753 sortent
1303 1701 1368 1752 iis
1391 1717 1516 1775 quae
1547 1711 1741 1752 contra
1782 1712 2039 1751 naturam
2077 1713 2194 1748 mo-

240 1773 309 1828 de
328 1773 448 1828 leur
469 1773 713 1840 naturel3
736 1777 875 1827 mais
898 1775 1003 1828 elle
1035 1796 1104 1829 ne
1127 1774 1259 1848 s'ap-
1309 1774 1703 1830 venturlocum
1720 1774 2193 1837 habetzceterum,

245 1850 436 1927 plique
481 1852 635 1925 point
671 1855 703 1904 a
728 1871 868 1905 ceux
895 1854 989 1926 qui
1017 1866 1141 1906 sont
1163 1872 1259 1906 na·
1310 1855 1353 1906 si
1389 1850 1643 1926 genitalis
1671 1854 1740 1905 sit
1758 1852 1942 1905 feritas
1960 1894 1972 1917 ,
1997 1861 2196 1904 cessat.

242 1927 598 1982 turellement
632 1926 864 1983 feroces
892 1930 1087 1998 Enfin,
1125 1931 1264 1984 lors-
1313 1928 1564 2005 Denique
1599 1930 1644 1982 si
1677 1949 1842 1984 ursus
1870 1929 2012 2004 fugit
2045 1945 2076 1980 a
2101 1926 2199 1981 do-

246 2005 420 2081 qu'un
456 2025 586 2059 ours
630 2004 923 2081 s'echappe
949 2021 1004 2061 et
1025 2020 1265 2062 commet
1314 2010 1466 2061 mino
1490 2020 1543 2060 et
1569 2008 1646 2060 sic
1665 2008 1874 2072 nocuit,
1892 2025 2001 2067 non
2019 2017 2204 2080 potest

246 2103 324 2137 un
363 2081 695 2157 dommage,
741 2103 814 2137 on
860 2104 930 2138 ne
975 2101 1108 2159 peut
1166 2104 1264 2157 pas
1315 2084 1594 2161 quondam
1615 2084 1874 2139 dominus
1897 2083 2199 2146 conveniri,

247 2173 503 2235 attaquer
536 2180 640 2214 son
676 2163 874 2215 ancien
915 2167 1137 2229 malti-e,
1175 2183 1268 2216 car
1316 2165 1446 2238 quia
1481 2162 1642 2218 desiit
1666 2163 1928 2217 dominus
1963 2181 2085 2216 esse
2107 2158 2204 2214 ubi

250 2258 321 2292 en
359 2237 722 2312 s'echappant
754 2237 992 2293 l'animal
1030 2259 1267 2313 sauvage
1317 2242 1433 2295 fera
1459 2243 1648 2296 evasit.
1692 2242 1987 2315 pauperies
2013 2251 2202 2294 autem

250 2314 1271 2395 acessedeluiappar‘tenir.Pauperies
1318 2332 1401 2372 est
1437 2318 1701 2373 damnum
1752 2319 1870 2373 sine
1907 2314 2106 2392 injuria
2137 2315 2207 2368 fa·

253 2407 335 2448 est
361 2393 413 2447 le
435 2393 730 2468 dommage
763 2415 873 2469 que
903 2394 1007 2449 l’on
1030 2411 1272 2450 connnet
1320 2398 1514 2452 cientis
1543 2397 1735 2451 datum
1763 2418 1773 2449 ε
1812 2415 1914 2449 nec
1941 2396 2088 2448 enim
2111 2412 2206 2465 po-

254 2490 382 2525 sans
423 2472 576 2524 avoir
616 2490 799 2525 aucun
845 2487 986 2527 tort:
1014 2495 1079 2528 en
1122 2475 1267 2544 esset,
1292 2476 1429 3003 ὶῑθει
1465 2473 1667 2528 animal
1704 2472 1966 2546 injuriam
2007 2470 2207 2524 fecisse

254 2546 511 2614 l’animal‚
550 2550 645 2624 qui
690 2549 777 2602 n'a
825 2551 979 2623 point
1016 2550 1271 2606 d'intelli-
1323 2551 1452 2615 dici,
1492 2551 1639 2629 quod
1679 2570 1845 2604 sensu
1879 2561 2047 2603 caret.
2078 2550 2210 2602 Haec

255 2643 450 2699 genoe,
486 2645 556 2679 ne
589 2639 726 2700 peut
770 2631 924 2681 avoir
964 2643 1088 2683 tort.
1115 2629 1273 2683 Voila
1323 2629 1471 2706 quod
1525 2629 1595 2684 ad
1658 2627 1914 2683 noxalem
1973 2626 2213 2701 pertinet

256 2722 316 2756 ce
353 2705 447 2778 qui
485 2722 755 2757 concerne
802 2702 1017 2760 l'action
1062 2706 1272 2761 noxale.
1323 2710 1616 2762 actionem.

1403 2798 1453 2839 1.
1501 2790 1760 2840 Ceterum
1797 2780 2086 2837 sciendum
2125 2776 2208 2832 est

1324 2862 1544 2916 aedilitio
1577 2863 1754 2916 edicto
1795 2858 2085 2936 prohiberi
2107 2859 2211 2910 nos

339 2792 390 2832 1.
417 2785 501 2833 Au
524 2781 774 2856 surplus,
807 2781 954 2837 l'edit
983 2783 1080 2839 des
1107 2785 1274 2839 e'diles

259 2854 462 2910 defend
483 2857 550 2912 de
573 2862 718 2912 tenir
742 2879 817 2913 uu
853 2861 1030 2925 chien,
1057 2882 1132 2916 un
1154 2883 1275 2916 ver-

258 2946 371 3000 rat,
395 2954 474 2987 un
498 2937 756 3009 sanglier,
794 2958 874 2991 un
910 2960 1042 2994 ours
1083 2961 1156 2994 ou
1201 2961 1271 2995 un
1326 2960 1550 3005 canem,
1576 2958 1820 3004 verrem,
1849 2955 2082 3013 aprum,
2114 2953 2207 2988 ur-

259 3009 375 3064 lion
413 3010 552 3064 dans
599 3011 679 3066 les
727 3014 872 3069 lieux
914 3019 1009 3093 qui
1052 3032 1274 3073 servent
1322 3038 1483 3086 sum,
1522 3018 1739 3072 leonem
1764 3016 1836 3069 ibi
1863 3014 2069 3068 habere
2099 3021 2209 3085 qua

260 3087 725 3143 habituellement
773 3092 839 3146 de
894 3115 1144 3170 passage.
1192 3100 1275 3149 En
1322 3095 1490 3170 'vulgo
1513 3098 1614 3150 iter
1643 3094 1817 3148 fitzet
1855 3094 1900 3145 si
1938 3083 2208 3143 adversus

259 3183 353 3219 cas
389 3165 459 3220 de
491 3171 935 3233 contravention‚
964 3175 1006 3225 si
1032 3173 1275 3248 quelque
1323 3193 1386 3228 ea
1425 3174 1637 3227 factum
1677 3171 1815 3234 erit,
1859 3181 1915 3221 et
1961 3167 2210 3219 nocitum

261 3242 544 3318 prejudice
567 3264 599 3297 a
620 3247 706 3298 ete
728 3251 893 3300 cause
911 3252 941 3300 a
960 3269 1035 3302 un
1053 3251 1275 3306 homme
1327 3251 1497 3304 libero
1542 3247 1751 3302 homini
1795 3265 1915 3300 esse
1963 3243 2179 3297 dicetur
2196 3282 2209 3307 ‚

263 3320 423 3386 libre,
446 3321 495 3374 le
519 3323 878 3397 proprietuire
904 3325 1055 3379 subit
1079 3327 1130 3380 la
1151 3347 1276 3380 con·
1324 3325 1476 3402 quod
1494 3326 1706 3380 bonum
1728 3337 1781 3377 et
1801 3341 2023 3399 aequum
2037 3318 2211 3396 judici

268 3395 586 3453 damnation
649 3419 758 3475 que
812 3398 860 3454 le
902 3397 1038 3476 juge
1085 3418 1276 3457 trouve
1324 3401 1570 3470 videtur,
1603 3403 1739 3457 tanti
1779 3400 2041 3455 dominus
2081 3415 2210 3450 con-

273 3475 569 3551 equitable.
597 3480 740 3533 Pour
770 3490 888 3534 tout
916 3491 1072 3535 autre
1092 3481 1277 3557 preju-
1326 3479 1645 3548 demnetur3
1673 3480 1983 3537 Ceterarum
2005 3493 2210 3538 rerum,
