2300 3886
214 204 326 269 lissll

219 345 512 382 recouvrer
567 323 616 377 la
689 324 1027 399 possession,
1080 321 1218 377 lors-

216 403 376 479 qu'on
398 405 530 461 aete'
553 401 780 478 expulse
798 445 811 468 ,
834 423 935 477 par
954 401 1217 465 violence,

217 482 284 535 de
330 480 381 534 la
425 481 739 555 possession
773 479 907 533 d'un
942 479 1105 534 fonds
1149 499 1221 531 ou

216 558 348 612 d‘un
403 557 691 612 batiment.
741 559 828 612 On
869 577 926 624 a,
974 556 1111 611 dans
1163 576 1223 608 ce

216 656 333 702 θος,
365 633 622 690 l'interdit
663 635 793 688 unde
823 639 902 700 vi,
942 637 1049 712 qui*
1074 635 1222 688 force

215 713 455 769 l'auteur
499 713 569 768 de
614 713 665 767 la
711 712 960 767 violence
999 723 1028 766 a
1072 711 1221 765 resti-

214 809 336 847 tuer
383 791 434 845 la
477 794 793 866 possession
838 795 866 843 a
910 810 1047 845 ceux
1093 786 1222 865 qu'il

214 892 243 924 a
274 868 561 946 expulses‚
607 868 796 945 quand
830 874 1013 923 meme
1054 886 1220 920 ceux-

212 952 259 1002 ci
300 948 351 1002 la
391 947 723 1002 tiendraient
759 946 827 999 de
874 946 949 1000 lui
984 965 1086 1021 par
1110 946 1224 999 vio-

214 1027 400 1091 lence,
447 1024 950 1080 clandestinement
990 1043 1062 1077 ou
1105 1025 1225 1098 pre-

213 1118 533 1159 cairement.

277 1243 502 1290 Toutefois
522 1276 534 1298 ‚
562 1256 616 1288 en
643 1247 771 1288 vertu
796 1240 877 1286 des
912 1239 1228 1286 constitutions

212 1310 465 1370 imperiales
505 1310 613 1355 dont
645 1321 755 1354 nous
794 1321 933 1353 avons
969 1307 1094 1367 parle
1127 1306 1228 1366 plus

212 1376 335 1431 haut,
363 1378 479 1424 celui
503 1377 579 1435 qui
610 1389 658 1422 se
683 1374 809 1421 saisit
834 1375 972 1420 d'une'
994 1374 1129 1420 chose
1147 1388 1228 1434 par

210 1445 429 1503 violence,
459 1443 568 1504 perd
594 1457 644 1489 sa
672 1441 912 1502 propriete,
940 1441 1091 1500 quand
1111 1448 1230 1488 cette

210 1511 345 1557 chose
390 1512 449 1556 lui
489 1510 755 1569 appartient.
803 1507 1079 1567 Lorsqu'elle
1112 1508 1230 1554 n'est

214 1591 294 1638 pas
319 1580 341 1623 a
363 1578 442 1632 lui,
470 1577 495 1622 il
523 1577 633 1639 doit,
662 1578 796 1636 apres
815 1573 969 1622 l'avoir
994 1576 1224 1629 restituee,

212 1659 269 1690 en
309 1658 448 1706 payer
486 1642 771 1689 l'estimation
813 1644 837 1688 a
876 1655 990 1689 ceux
1035 1643 1110 1702 qui
1152 1649 1230 1688 ont

214 1711 398 1757 souffert
423 1711 465 1756 la
489 1709 705 1757 violence.
975 1717 978 1719 ’

292 1835 443 1890 Celui
477 1836 573 1912 qui
596 1853 696 1888 use
723 1832 790 1886 de
815 1830 1063 1886 violence
1090 1853 1230 1907 pour

219 1913 476 1989 expulser
498 1910 799 1988 (pielqu’nn
823 1909 986 1964 d'une
1008 1930 1230 1986 posses·

219 1995 365 2057 sion,
394 2005 624 2046 encourt
655 1991 730 2044 les
773 1990 965 2063 peines
1004 1988 1231 2043 etablies

221 2091 323 2145 par
346 2070 397 2123 la
421 2069 489 2123 loi
511 2069 682 2132 Jahn,
709 2069 812 2120 soit
830 2079 1022 2120 contre
1048 2066 1099 2120 la
1125 2068 1226 2120 vio-

218 2149 374 2203 lence
400 2149 612 2222 privee,
658 2142 904 2220 lorsqu'il
940 2143 1233 2219 n'emploie

219 2246 436 2280 aucune
460 2244 640 2291 arrae,
669 2225 773 2278 soit
805 2235 998 2276 contre
1033 2221 1084 2275 la
1124 2225 1234 2276 vio-

222 2306 379 2358 lence
400 2302 667 2379 publique
687 2346 698 2368 ,
729 2297 974 2376 lorsqu’il
996 2300 1233 2376 emploie

223 2381 319 2436 des
349 2401 548 2435 armes.
591 2380 985 2453 Sontcompris
1031 2378 1235 2433 sousla

227 2461 645 2515 denomination
659 2456 914 2518 d'armeS,
930 2477 1043 2510 non
1061 2456 1237 2511 seule-

228 2552 384 2592 ment
410 2537 489 2590 les
513 2535 813 2600 bouclierS,
838 2533 916 2588 les
951 2536 1155 2608 glaives
1185 2551 1236 2591 et

228 2616 311 2670 les
357 2634 618 2691 casqueS,
653 2616 790 2667 mais
834 2616 982 2667 aussi
1014 2612 1091 2666 les
1135 2612 1234 2667 ba-

228 2707 356 2748 tons
382 2707 437 2747 et
456 2691 534 2746 les
557 2693 780 2767 pierres.

311 2824 363 2868 7.
392 2815 515 2865 Une
555 2811 834 2864 troisieme
871 2808 1105 2864 division
1144 2808 1238 2864 des

231 2889 483 2943 interdits
506 2888 585 2943 les
609 2887 885 2962 distingue
910 2909 975 2942 en
1013 2887 1238 2962 simples

235 2981 288 3022 et
309 2966 560 3020 doubles.
590 2969 724 3021 Sont
761 2965 1014 3041 simple5‚
1056 2966 1131 3019 les
1157 2967 1239 3019 in-

239 3043 426 3101 terdits
449 3043 587 3097 dans
610 3042 851 3119 lesquels
878 3043 912 3097 il
956 3045 1124 3097 existe
1163 3064 1238 3096 un

238 3121 582 3178 demandent·
657 3135 708 3173 ct
762 3142 838 3174 un
907 3121 1238 3184 defendeur,

237 3202 338 3255 tels
361 3212 487 3254 sont
512 3213 635 3252 tous
661 3196 738 3250 les
764 3198 1011 3251 interdits
1037 3201 1243 3253 restitu-

236 3282 401 3332 toires
446 3297 519 3331 ou
561 3274 927 3330 exhibitoires.
965 3280 1047 3329 En
1087 3277 1239 3344 esset,

238 3355 382 3411 celui
407 3358 500 3431 qui
540 3365 668 3407 veut
700 3352 985 3405 obtenirla
1027 3357 1242 3407 restitu-

235 3436 352 3488 tion
386 3453 457 3488 ou
498 3430 830 3486 l’exhibition
882 3443 962 3483 est
1009 3429 1240 3484 deman-

237 3511 403 3577 deur3
431 3509 568 3566 celui
595 3507 661 3564 de
690 3509 782 3585 qui
807 3527 877 3563 on
902 3520 1030 3563 veut
1055 3506 1244 3562 l'obte-

780 214 1100 260 INSTITUTES
1142 214 1226 256 DE,
1261 214 1566 257 JtJSTINIEN.

1270 325 1353 376 nis
1397 341 1562 376 causa
1615 318 1753 375 solet
1790 317 2064 384 interdici,
2109 323 2153 377 si

1271 403 1395 476 quis
1419 421 1483 454 ex
1510 400 1859 476 possessione
1883 397 2040 451 fundi
2071 400 2158 468 vel

1270 478 1473 532 aedium
1535 480 1586 531 vi
1649 475 1899 548 dejectus
1954 475 2159 546 fuerim,

1273 575 1399 609 nam
1433 557 1482 608 ei
1529 556 1854 630 proponitur
1899 546 2161 607 interdic-³·

1272 647 1388 687 tum
1420 632 1565 687 unde
1593 635 1674 698 vi,
1701 652 1800 706 per
1823 630 1968 707 quod
1992 633 2037 684 is
2063 630 2159 707 qui

1273 709 1499 785 dejecit,
1526 713 1742 785 cogitur
1773 711 1821 763 ei
1867 710 2158 763 restituere

1271 790 1704 864 possessionem,
1747 787 1875 840 licet
1907 789 1952 840 is
1995 785 2063 840 ab
2094 804 2158 839 eo

1273 868 1366 943 qui
1421 864 1648 940 dejecit,
1693 867 1742 919 vi
1789 863 1874 920 vel
1912 865 2159 939 precario

1273 943 1603 1020 possidebat.

1341 1236 1367 1263 ⁵⁹⁶
1390 1238 1478 1285 Sed
1504 1252 1557 1284 ex
1597 1236 1989 1284 constitutionibus
2022 1237 2163 1283 sacris

1274 1303 1300 1331 '³⁶
1321 1313 1369 1352 ut
1393 1319 1526 1366 supra
1546 1305 1756 1359 diximus,
1786 1305 1822 1351 si
1846 1305 1946 1364 quis
1970 1318 2063 1350 rem
2084 1303 2165 1364 per

1274 1372 1300 1398 ἥρ
1316 1375 1407 1419 vim
1445 1374 1734 1432 occupaverit
1755 1410 1761 1426 ,
1811 1372 1847 1417 si
1887 1372 2068 1431 quidem
2116 1371 2163 1415 in

1275 1439 1301 1466 *
1318 1441 1446 1486 bonis
1471 1441 1570 1499 ejus
1590 1445 1686 1495 est,
1715 1439 1911 1484 dominio
1941 1440 2039 1498 ejus
2063 1438 2163 1497 pri—-

1275 1506 1302 1532 ³⁵⁶
1318 1515 1473 1564 vatur,
1499 1507 1537 1552 si
1555 1506 1714 1561 aliena,
1740 1513 1842 1565 post
1867 1506 1964 1564 ejus
1986 1506 2167 1551 restitu⁴

1276 1574 1303 1602 *
1321 1576 1484 1621 tionem
1535 1575 1669 1620 etiam
1708 1573 2050 1620 aestimationem
2100 1572 2163 1616 rei

1276 1638 1302 1666 *
1318 1642 1424 1687 dare
1447 1641 1536 1687 vim
1562 1654 1694 1701 passo
1717 1639 2013 1700 compellitur.
2040 1636 2063 1661 ”⁶

1355 1833 1460 1901 Qui
1480 1845 1665 1886 autem
1689 1830 1933 1908 aliquem
1958 1832 2027 1886 de
2047 1851 2168 1906 pos-

1279 1913 1524 1964 sessione
1542 1930 1642 1985 per
1662 1911 1772 1965 vim
1791 1908 2076 1986 dejecerit,
2093 1923 2168 1965 te-

1279 2003 1443 2042 netur
1464 1987 1584 2063 lege
1606 1989 1748 2047 Julia
1776 1985 1843 2041 de
1865 1991 1916 2042 vi
1957 1992 2167 2064 privata

1280 2080 1375 2120 aut
1412 2065 1478 2120 de
1506 2070 1555 2119 vi
1580 2065 1804 2141 publica
1831 2088 1842 2120 ε
1878 2069 1993 2138 sed,
2009 2066 2076 2137 de
2116 2066 2171 2120 vi

1283 2146 1496 2219 privata
1519 2188 1530 2210 ‚
1555 2147 1599 2199 si
1623 2147 1738 2198 sine
1760 2146 1926 2199 armis
1955 2146 2066 2199 vim
2095 2145 2170 2202 se·

1282 2237 1441 2290 cei-it,
1484 2241 1566 2276 sin
1602 2238 1787 2277 autem
1827 2241 1954 2277 cum
1999 2224 2168 2278 armis

1283 2321 1407 2354 eum
1439 2300 1507 2354 de
1551 2302 1899 2375 possessione
1946 2301 2169 2378 expule-

1284 2380 1383 2445 rit,
1425 2378 1493 2432 de
1517 2381 1566 2431 vi
1592 2379 1829 2454 publica.
1875 2385 2167 2450 Armorum

1282 2472 1467 2511 autem
1521 2455 1888 2531 appellatione
1924 2477 2036 2510 non
2083 2476 2170 2510 so-

1285 2535 1400 2588 lum
1427 2547 1582 2588 scuta
1605 2547 1658 2588 et
1674 2533 1883 2609 gladios
1903 2547 1957 2587 et
1985 2533 2169 2608 galeas

1284 2611 1577 2688 significari
1635 2611 2024 2687 intelligimus,
2075 2611 2171 2667 sed

1285 2704 1338 2746 et
1369 2691 1543 2746 fustes
1570 2704 1623 2744 et
1647 2688 1876 2765 lapideS.

1363 2825 1415 2868 7.
1441 2812 1627 2865 Tertia
1642 2810 1835 2866 divisio
1852 2810 2173 2866 interdicto->

1287 2911 1408 2944 rum
1429 2889 1547 2944 haec
1562 2902 1660 2956 est,
1681 2889 1827 2965 quod
1852 2903 1946 2943 aut
1963 2889 2174 2965 simpli-

1288 2970 1369 3022 cia
1397 2979 1541 3033 sunt,
1556 2981 1652 3022 aut
1671 2967 1929 3042 duplicia.
1948 2966 2172 3041 Simpli-

1290 3048 1371 3100 cia
1393 3059 1536 3110 sunt,
1551 3045 1719 3100 veluti
1743 3049 1795 3099 in
1817 3044 2014 3122 quibus
2035 3044 2174 3096 alter

1289 3139 1459 3189 actor,
1495 3122 1632 3177 alter
1679 3143 1802 3177 reus
1844 3135 1926 3175 est
1954 3119 2172 3196 :qualia

1291 3216 1421 3255 sunt
1461 3221 1640 3254 omnia
1687 3212 2012 3254 restitutoria
2079 3215 2174 3254 aut

1291 3278 1634 3344 exhibitori&
1659 3296 1896 3353 namque
1921 3288 2073 3329 actor
2091 3291 2174 3331 est

1290 3357 1381 3430 qui
1403 3353 1675 3408 desiderat
1695 3366 1790 3406 aut
1809 3353 2054 3408 exhiberi
2077 3369 2173 3408 aut

1291 3433 1531 3499 restitui3
1558 3451 1685 3485 reus
1706 3444 1788 3485 est
1814 3434 1857 3485 is
1876 3453 1905 3485 a
1933 3451 2044 3508 quo
2081 3429 2173 3484 de-

1292 3507 1568 3564 sideratur
1593 3522 1653 3563 ut
1684 3511 1931 3567 restituat
1951 3522 2044 3564 aut
2079 3528 2171 3562 ex-
