2300 3886
728 205 891 246 lems
934 206 1021 258 lv,
1070 206 1232 246 'sirim
1277 207 1388 248 xlv.

78 311 231 386 justa
250 325 350 378 est,
367 313 553 388 inique
574 323 786 365 noceat.
804 308 963 379 Quod

85 408 214 443 cum
246 389 444 443 accidit
463 432 476 455 ,
512 388 619 442 alia
642 388 964 462 allegatione

85 486 223 542 opus
246 482 327 523 est
347 465 647 541 adjuvandi
671 469 746 519 rei
762 467 930 540 gratia
952 486 961 517 :

85 562 211 620 quae
236 543 534 619 duplicatio
560 557 798 598 vocatur.

158 630 210 674 2.
254 625 323 676 Et
365 623 409 676 si
455 639 646 699 ruysus
683 641 748 674 ea
786 621 966 693 prima

83 696 223 753 facie
244 697 394 773 justa
416 699 664 755 videatur·
682 741 694 765 ,
718 697 812 752 sed
837 717 966 773 pro-

86 789 208 848 pter
249 776 489 852 aliquam
534 796 755 830 causam
798 778 967 829 actori

86 854 271 928 inique
296 867 487 907 noceat
504 896 515 918 ,
545 873 734 907 rursus
760 852 859 906 alia
885 853 964 906 al-

86 928 358 1004 legatione
382 951 523 1006 opns
551 945 661 996 est,
688 951 795 1007 qua
818 944 968 984 actor

85 1007 376 1078 adjuvetur
396 1029 406 1061 :
429 1029 554 1084 quae
577 1008 775 1063 dicitur
804 1008 969 1083 tripli-

85 1098 269 1143 catio„

0 1163 3 1167 ’
163 1172 213 1218 3.
237 1167 484 1234 Quarum
505 1165 753 1217 omnium
777 1183 971 1238 excep-

86 1239 299 1294 tionum
322 1261 505 1306 usum,
525 1242 802 1296 interdum
825 1241 969 1294 ulte·

60 1317 200 1373 wius
234 1331 403 1394 quam
436 1316 703 1384 diximus,
736 1321 970 1373 varietas

88 1398 435 1468 negotiorum
476 1395 794 1461 introducin‘
833 1417 970 1473 quas

89 1487 282 1527 omnes
325 1476 567 1548 apertius
618 1494 684 1529 ex
725 1478 972 1550 Digesto-

90 1565 212 1602 rum
256 1550 450 1606 latiore
493 1551 776 1607 volumine
813 1552 972 1606 facile

89 1639 173 1680 est
195 1641 545 1702 cognoscere.

165 1716 220 1764 a.
244 1707 608 1782 Exceptiones
634 1721 820 1761 autem
849 1709 970 1783 qui-

90 1781 194 1836 bus
235 1783 450 1838 debitor
490 1783 820 1850 defenditur,
858 1784 973 1859 ple-

92 1879 325 1936 rumque
356 1860 760 1915 accommodari
795 1861 974 1916 solent

90 1939 253 1991 etiam
294 1937 712 2012 fidejussoribus
761 1943 896 2010 ejus,
921 1953 975 1992 et

91 2029 238 2069 recte
262 2037 273 2069 z
298 2018 427 2091 quia
453 2016 604 2092 quod
629 2015 698 2069 ab
727 2019 792 2070 iis
834 2019 974 2091 peti-

8 2161 13 2163 *
67 2107 197 2159 tur,
222 2090 277 2146 id
323 2093 391 2146 ab
431 2095 550 2168 ipso
595 2093 843 2148 debitore
865 2096 972 2168 peti

93 2169 324 2237 videtur,
347 2173 477 2246 quia
503 2169 744 2224 mandati
765 2170 974 2243 judicio

94 2247 408 2305 redditurus
437 2262 520 2302 est
546 2251 623 2302 eis
646 2248 797 2324 quod
821 2251 850 2300 ii
874 2269 974 2323 pro

94 2345 159 2379 eo
185 2319 466 2380 solverint.
501 2329 620 2395 Qua
665 2328 895 2391 ratione,
925 2341 976 2379 et

92 2405 135 2456 si
176 2402 244 2457 de
292 2420 401 2457 non
449 2402 690 2478 petenda
742 2406 977 2478 pecunia

94 2494 288 2553 pactus
323 2483 445 2557 quis
471 2500 597 2534 cum
642 2501 736 2535 reo
773 2481 972 2548 fuerit,

65 2551 298 2630 *placuit
365 2556 597 2632 perinde
651 2577 975 2612 succurren-

95 2634 226 2707 dum
273 2653 392 2689 esse
444 2655 542 2708 per
595 2637 974 2709 exceptionem

95 2713 239 2786 pacti
289 2715 545 2766 conventi
595 2710 700 2766 illis
755 2733 976 2788 quoque

96 2791 186 2864 qui
212 2806 310 2863 pro
335 2806 400 2844 ‘eo
425 2788 649 2865 obligati
683 2803 881 2858 essent,
911 2811 977 2844 ac

96 2869 142 2941 si
180 2876 308 2919 cum
342 2868 475 2941 ipsis
501 2880 693 2941 pactus
730 2882 873 2921 esset
907 2887 978 2922 ne

96 2943 164 2997 ab
197 2945 272 2997 eis
314 2964 378 2998 ea
415 2946 650 3018 pecunia
675 2958 974 3018 peteretur.

95 3025 235 3076 Sane
305 3019 561 3097 quaedam
626 3023 976 3094 exceptiones

99 3096 414 3153 nonvsoient
434 3097 518 3152 his
540 3098 942 3152 accommodari
965 3120 974 3152 2

99 3186 230 3228 eccev
267 3179 412 3230 enim
451 3175 694 3242 debitor,
739 3177 783 3229 si
822 3175 978 3230 bonis

102 3253 215 3305 suis
243 3255 486 3319 cesserit,
509 3267 564 3321 et
601 3270 728 3308 cum
769 3273 832 3307 eo
870 3273 980 3307 cre—

20 3380 22 3383 .
101 3327 246 3383 ditor
288 3332 624 3404 ex-periatffl3
668 3331 981 3385 defenditur

101 3403 618 3481 per÷exceptinn‘etn
670 3410 775 3463 nisi
830 3427 979 3464 Boms

103 3500 365 3548 CESSER1T;
419 3480 516 3538 sed
546 3475 701 3539 ’haec'
731 3489 979 3560 exceptio

1903 191 2018 253 &75

1011 325 1200 384 aspect
1222 355 1234 376 ‚
1278 311 1500 385 produit
1539 331 1617 365 uu
1656 311 1786 366 effet
1810 313 2019 388 inique.

1013 387 1167 441 Alors
1206 402 1257 442 et
1289 409 1427 462 pour
1449 389 1601 443 aidet·
1622 389 1672 443 le
1697 389 2018 456 defendeur‚

1011 485 1083 518 on
1102 485 1135 518 a
1157 465 1347 520 besoin
1367 465 1529 521 d'une
1552 480 1706 521 autre
1727 466 2021 542 allegation

1011 545 1105 618 qui
1132 543 1388 618 s’appelle
1411 543 1691 619 duplique.

1089 630 1141 674 2.
1186 620 1566 675 Pareillement
1607 641 1807 675 encore
1828 664 1840 684 ‚
1886 623 1931 676 si
1969 621 2023 675 la

1014 696 1460 775 duplique‚juste
1477 718 1545 751 au
1564 699 1797 772 premier
1814 713 2020 774 aspect,

1015 795 1223 851 oppose
1240 797 1308 830 au
1329 775 1673 830 demandciir
1689 797 1761 829 un
1783 776 2023 830 obstacle

1016 855 1201 928 inique
1221 898 1232 920 ,
1256 875 1327 907 on
1349 874 1378 906 a
1404 873 1599 907 encore
1627 853 1820 907 besoin
1843 898 1852 918 ‚
1883 873 2026 928 pour·

1016 930 1168 984 aider
1204 932 1439 998 celui-ci,
1467 930 1630 984 d'une
1653 940 1810 983 autre
1832 931 2026 1006 allega-

1017 1010 1129 1062 tion
1154 1007 1320 1085 qu'on
1347 1028 1570 1063 nomme
1596 1007 1871 1083 triplique.

1095 1174 1148 1219 3.
1183 1168 1337 1218 Cette
1369 1166 1507 1218 serie
1530 1162 1901 1237 d'exceptions
1920 1182 2028 1237 que

1018 1239 1066 1293 la
1100 1240 1356 1296 diversite
1396 1241 1492 1296 des
1531 1242 1749 1296 affuires
1794 1255 1907 1293 met
1958 1260 2028 1293 en

1021 1338 1189 1391 usage
1213 1362 1224 1384 ‚
1272 1340 1330 1373 se
1378 1318 1646 1394 prolonge
1687 1316 2030 1395 quelquefois

1018 1416 1088 1449 au
1115 1395 1236 1450 dela
1262 1396 1358 1452 des
1386 1398 1705 1472 exceptions
1747 1415 1855 1470 que
1886 1414 2029 1447 nous

1019 1493 1192 1528 avons
1228 1476 1410 1529 citees.
1442 1479 1515 1528 Le
1539 1477 1760 1547 Digeste
1797 1471 1875 1525 les
1914 1472 2031 1524 fera

1020 1564 1200 1606 tontes
1222 1559 1507 1606 connaitre
1538 1570 1671 1605 avec
1691 1548 1818 1625 plus
1841 1548 1906 1602 de
1932 1548 2031 1603 de-

1020 1628 1112 1682 tail
1133 1642 1188 1682 et
1214 1629 1282 1683 de
1305 1627 1524 1683 facilite.
2061 1689 2064 1692 Δ

1097 1718 1152 1765 ἡ.
1193 1710 1295 1761 Les
1338 1707 1657 1780 exceptions
1700 1706 1796 1779 qui
1851 1705 2031 1778 prote-

1019 1798 1152 1857 gent
1189 1783 1240 1837 le
1277 1783 1545 1849 debiteur,
1574 1795 1702 1836 sont
1744 1780 2034 1835 ordinaire-

1020 1873 1174 1914 ment
1198 1859 1488 1914 accordees
1504 1865 1535 1914 a
1551 1879 1635 1914 ses
1650 1857 1774 1932 fidej
1786 1877 2030 1921 usseur5,

1021 1951 1073 1990 et
1094 1956 1226 1991 avec
1243 1940 1446 2005 raison3
1463 1957 1557 1991 car
1576 1935 1880 1991 demander
1900 1939 2031 1988 aces

1021 2014 1290 2082 dernierS‚
1308 2014 1437 2070 c'est
1451 2035 1519 2068 en
1533 2013 1775 2090 quelque
1790 2025 1935 2067 sorte
1949 2011 2033 2066 de-

1022 2091 1253 2146 mandet*
1291 2112 1362 2146 au
1412 2091 1665 2146 de'biteur
1702 2090 1992 2144 lui-meme
2019 2133 2032 2155 ‚

1026 2171 1262 2246 puisque
1275 2168 1493 2224 l'action
1504 2169 1572 2223 de
1585 2190 1672 2222 ma
1680 2165 2035 2240 ndatl'oblige

1022 2246 1188 2300 alem·
1212 2250 1469 2301 restituer
1504 2267 1565 2301 ce
1589 2245 1744 2322 qu'ils
1772 2259 1869 2299 ont
1892 2246 2035 2320 paye

1024 2345 1167 2399 pour
1185 2326 1283 2378 lui.
1307 2326 1475 2390 Ainsi‚
1503 2323 1640 2377 dans
1662 2323 1714 2377 le
1737 2342 1829 2376 cas
1851 2326 2034 2374 meme

1024 2409 1096 2469 Qu
1124 2402 1173 2456 le
1196 2404 1476 2456 creancier
1501 2402 1757 2455 convient
1774 2419 1908 2453 avec
1933 2418 2034 2452 son

1022 2480 1275 2535 debiteur
1296 2479 1363 2548 de
1402 2499 1472 2533 ne
1501 2481 1617 2532 rien
1640 2480 1826 2553 exiger
1849 2519 1861 2542 ,
1889 2495 1962 2530 on
2004 2495 2035 2529 a

1024 2557 1213 2611 decide
1242 2577 1349 2632 que
1392 2555 1721 2629 l'exception
1766 2552 1841 2608 du
1880 2565 2036 2628 pacte

1024 2634 1224 2711 profite
1248 2638 1280 2687 a
1306 2654 1446 2688 ceux
1471 2635 1566 2709 qui
1590 2653 1647 2687 se
1674 2645 1799 2686 sont
1824 2626 2034 2704 obliges

1023 2732 1167 2788 pour
1210 2711 1259 2764 le
1302 2711 1552 2765 debiteur
1573 2753 1584 2774 ,
1630 2728 1845 2764 comme
1892 2710 1935 2761 si
1986 2705 2038 2760 la

1024 2795 1207 2844 meme
1242 2790 1572 2843 convention
1613 2788 1758 2840 avait
1796 2787 1880 2839 ete
1907 2784 2036 2838 faite

1024 2886 1158 2920 avec
1198 2886 1320 2920 eux.
1368 2866 1412 2919 Il
1452 2879 1534 2919 est
1569 2861 1880 2939 cependant
1922 2882 2037 2915 cer-

1025 2947 1200 2997 taines
1222 2945 1539 3016 exceptions
1558 2940 1725 3017 qu'on
1749 2936 2036 2994 n'accorde

1027 3024 1181 3095 point
1201 3040 1308 3074 aux
1331 3019 1704 3092 fidejusseurs.
1738 3019 1909 3081 Ainsi‚
1936 3034 2036 3089 par

1027 3097 1300 3172 exemple‚
1315 3097 1366 3150 le
1387 3096 1636 3151 debiteur
1650 3097 1743 3171 qui
1757 3116 1788 3148 a
1809 3095 1905 3147 fait
1919 3112 2034 3146 ces-

1029 3178 1146 3229 sion
1170 3175 1238 3229 de
1260 3175 1438 3241 bienS,
1461 3188 1515 3228 et
1533 3176 1629 3250 qui
1647 3186 1728 3227 est
1750 3169 2035 3244 poursuivi

1028 3271 1127 3327 par
1150 3273 1249 3307 son
1285 3254 1596 3314 creancien
1623 3270 1680 3304 se
1715 3246 1913 3302 defend
1937 3264 2037 3320 par

1026 3330 1346 3406 l'exception
1377 3355 1398 3378 t<
1427 3328 1509 3383 s'il
1537 3328 1619 3381 n'a
1661 3345 1758 3400 pas
1798 3324 1895 3376 fait
1918 3341 2037 3376 ces-

1028 3410 1146 3463 sion
1187 3409 1256 3462 de
1301 3407 1458 3462 biens
1492 3427 1545 3472 »ς
1583 3405 1720 3462 mais
1767 3407 1907 3455 cette
1944 3419 2035 3453 ex-

1027 3489 1245 3560 ception
1267 3506 1335 3540 ne
1357 3505 1414 3539 se
1437 3483 1618 3537 donne
1643 3499 1742 3554 pas
1765 3498 1874 3539 aux
1895 3473 2031 3534 fide·
