2300 3886
176 232 295 288 326
747 214 1076 286 INSTITUTES
1115 206 1190 284 m:

480 529 737 576 TITRE
777 530 885 576 VI.

435 595 438 598 ἢ
549 636 622 666 mis
652 636 830 668 Acrions.

256 719 299 774 Il
329 740 473 776 nous
501 738 647 778 reste
669 729 701 778 a
741 723 928 800 parler
963 722 1059 778 des
1094 742 1189 777 ac-

176 800 337 854 tions.
354 798 593 855 L’action
610 803 750 857 n’est
771 822 878 879 que
892 801 943 857 le
962 799 1108 874 droit
1123 799 1192 855 de

183 877 551 950 poursuivre‚
586 878 793 936 devant
822 900 899 935 un
937 882 1098 954 juge,
1131 897 1193 932 ce

185 955 280 1030 qui
301 975 443 1010 nous
469 969 554 1010 est
574 956 668 1012 du.

260 1122 310 1163 1.
334 1110 411 1164 La
431 1110 669 1166 division
695 1110 948 1187 generale
977 1109 1046 1164 de
1070 1123 1194 1164 tou-

179 1200 262 1242 tes
298 1186 378 1241 les
425 1191 633 1243 actions
664 1209 764 1266 par
790 1187 1084 1265 lesquelles
1124 1208 1194 1241 on

183 1277 406 1318 soumet
429 1271 460 1319 a
486 1265 756 1341 desjuges
782 1287 855 1321 ou
873 1272 905 1320 a
931 1266 1028 1320 des
1051 1266 1196 1320 arbi-

184 1357 298 1396 tres
321 1363 431 1396 une
453 1346 713 1418 question
742 1343 1091 1420 quelconque
1140 1363 1198 1398 se

184 1418 365 1474 reduit
391 1424 421 1474 a
447 1421 592 1476 deux
618 1422 824 1477 classes
842 1466 855 1490 ,
880 1442 973 1477 car
998 1423 1078 1476 les
1107 1442 1195 1476 ac-

182 1500 329 1551 tions
353 1512 477 1552 sont
499 1499 696 1554 reelles
718 1520 790 1554 ou
801 1499 1194 1576 personnelles.

185 1578 394 1630 Tantot
415 1619 427 1643 ‚
466 1596 536 1630 en
570 1576 735 1644 effet,
762 1598 905 1631 nous
949 1580 1199 1652 agissons

186 1665 376 1706 contre
439 1674 511 1708 un
579 1652 889 1710 defendeur
959 1656 1054 1731 qui
1118 1668 1201 1709 est

189 1729 370 1805 oblige'
435 1751 630 1786 envers
693 1752 837 1787 nous
859 1775 871 1798 ,
940 1734 1045 1786 soit
1105 1752 1202 1806 par

191 1827 271 1862 un
322 1821 572 1874 contrat,
625 1811 727 1864 soit
778 1829 880 1884 par
920 1830 995 1862 un
1039 1808 1201 1876 defit,

193 1899 247 1938 et
307 1884 453 1940 alors
513 1886 564 1941 le
629 1885 978 1942 demandeur
1009 1907 1203 1941 exerce

191 1983 303 2016 une
358 1966 538 2018 action
610 1963 964 2039 personnelle
988 2008 1000 2031 ,
1063 1985 1206 2039 pour

195 2043 443 2095 soutenir
466 2085 478 2107 ‚
526 2056 681 2096 entre
738 2056 922 2096 autres
979 2047 1203 2116 preten-

196 2119 344 2172 tions
363 2161 376 2184 ‚
433 2139 540 2195 que
594 2139 693 2174 son
760 2118 1070 2175 adversaire
1125 2131 1208 2174 est

196 2209 331 2250 tenu
363 2216 560 2251 envers
588 2195 666 2251 lui
702 2195 770 2251 de
798 2195 1015 2251 donner
1045 2218 1117 2253 ou
1144 2197 1213 2251 de

200 2274 351 2328 faire.
373 2277 609 2340 Tantot,
645 2295 718 2348 au
744 2277 1018 2329 contraire
1035 2318 1047 2341 ‚
1073 2295 1214 2329 nous

198 2354 453 2426 agissons
477 2366 668 2407 contre
685 2373 794 2408 une
817 2373 1097 2429 personne
1120 2355 1216 2430 qui

201 2429 339 2484 n’est
362 2442 528 2484 tenue
551 2450 751 2485 envers
782 2451 923 2486 nous
946 2429 1215 2486 d'aucune

202 2506 505 2581 obligation
522 2552 533 2572 ,
566 2511 701 2563 mais
716 2512 747 2562 a
763 2511 859 2586 qui
881 2511 1215 2564 neanmoins

203 2603 347 2638 nous
364 2599 683 2640 contestons
702 2607 779 2640 un
794 2584 946 2662 objet
963 2586 1218 2662 quelcon-

202 2682 311 2737 que
328 2706 339 2727 ‚
361 2677 414 2716 et
438 2662 576 2718 dans
600 2683 662 2718 ce
683 2683 776 2718 cas
802 2684 875 2718 on
898 2684 1088 2719 exerce
1108 2685 1217 2719 une

202 2741 387 2794 action
413 2740 606 2796 reelle:
642 2761 742 2817 par
768 2742 1053 2816 exemple,
1081 2742 1217 2796 lors-

205 2815 376 2892 qu'on
414 2819 651 2892 possede
676 2840 789 2874 une
826 2818 996 2874 chose
1019 2840 1217 2895 corpo-

206 2892 336 2948 relle
375 2915 484 2970 que
524 2899 705 2953 Titius
743 2899 987 2952 soutient
1029 2904 1143 2954 etre
1187 2902 1219 2951 a

206 2972 315 3037 lui,
340 2985 395 3025 et
434 2973 566 3027 dont
588 2973 638 3028 le
676 2995 1001 3050 possesseur
1044 2996 1103 3031 se
1142 2975 1221 3030 dit

205 3050 596 3124 proprietaire3
632 3072 725 3106 car
765 3053 992 3129 lorsque
1036 3055 1218 3108 Titius

207 3129 448 3204 soutient
483 3148 592 3206 que
631 3129 683 3182 la
727 3128 895 3185 chose
935 3144 1018 3185 est
1043 3135 1072 3184 a
1111 3130 1215 3196 lui,

208 3203 431 3259 l'action
454 3220 538 3260 est
563 3205 747 3260 reelle.

289 3292 344 3337 2.
372 3283 773 3348 Pareillement‚
800 3283 1082 3359 lorsqu'on
1106 3289 1221 3360 pre-

210 3359 343 3415 tend
381 3363 549 3429 avoir,
607 3363 713 3416 soit
763 3361 1040 3416 l'usufruit
1088 3361 1218 3416 d'un

211 3437 374 3493 fonds
417 3461 489 3495 ou
530 3438 661 3495 d'un
699 3439 988 3504 batiment‚
1027 3441 1130 3492 soit
1168 3437 1220 3493 ie

214 3514 355 3570 droit
379 3515 445 3572 (le
468 3539 654 3593 passer
671 3527 766 3573 sur
788 3517 838 3572 le
863 3515 1023 3572 fonds
1048 3517 1219 3571 voisin

1232 244 1258 282 J
1264 244 1293 284 U
1301 244 1418 284 STlN
1426 243 1539 284 IEN.

1435 502 1776 574 {rmumns
1815 509 1922 574 vi.

1520 637 1570 665 DE
1600 634 1845 666 ACTIONIBUS.

1317 723 1578 797 Superest
1614 735 1676 776 ut
1713 720 1780 775 de
1821 717 2128 773 actionibus
2168 709 2173 716 ⁷

1239 798 1552 874 loquamur.
1594 803 1748 854 Actio
1782 810 1968 852 autem
1991 794 2133 850 nihil
2180 833 2182 835 ν

1241 875 1392 930 aliud
1436 891 1548 943 est,
1601 897 1769 953 quam
1809 874 1903 950 jus
1943 893 2132 949 perse-

1243 953 1450 1030 quendi
1466 953 1678 1027 judicio
1707 952 1859 1031 quod
1885 951 1990 1007 sibi
2035 951 2133 1007 de-

1246 1031 1431 1086 betur.

1323 1122 1371 1163 1.
1398 1111 1663 1164 Omnium
1704 1111 1990 1165 actionum
2013 1107 2135 1184 qui-

1243 1186 1347 1241 bus
1371 1189 1516 1242 inter
1548 1188 1760 1264 aliquos
1789 1187 1942 1262 apud
1985 1183 2136 1261 judi-

1245 1284 1331 1320 ces
1357 1265 1663 1320 arbitrosve
1690 1264 1755 1320 de
1781 1283 2137 1342 quacumque
2176 1336 2178 1340 ι

1245 1363 1305 1397 re
1341 1345 1638 1419 quaeritur,
1682 1351 1902 1398 summa
1942 1331 2179 1419 divisiols

1245 1422 1300 1474 in
1330 1419 1443 1475 duo
1463 1441 1667 1496 genera
1689 1419 2015 1486 deducitur:
2041 1421 2139 1475 aut

1247 1501 1393 1552 enim
1416 1502 1471 1553 in
1491 1519 1609 1553 rem
1636 1512 1791 1564 sunt,
1818 1511 1916 1552 aut
1938 1500 1992 1567 in
2014 1518 2140 1579 per·

1248 1596 1459 1631 sonam.
1525 1581 1775 1652 Namque
1806 1577 1919 1651 agit
1970 1576 2167 1657 unusj⁴

1251 1657 1512 1729 quisque,
1547 1667 1644 1707 aut
1689 1674 1815 1707 cum
1862 1674 1926 1707 eo
1955 1655 2051 1728 qui
2089 1667 2140 1707 el

1250 1731 1523 1806 obligatus
1550 1745 1632 1785 est
1654 1729 1734 1807 ve}
1758 1750 1826 1810 ex
1848 1744 2139 1785 contractu

1253 1808 1337 1863 vel
1380 1828 1447 1862 ex
1489 1808 1794 1873 maleficio,
1842 1828 1954 1884 quo
2007 1827 2140 1885 casu
2176 1863 2178 1865 ,

1257 1885 1490 1960 proditae
1512 1899 1645 1940 sunt
1675 1888 1917 1940 actiones
1950 1888 2003 1939 in
2020 1887 2147 1961 Per-

1254 1983 1473 2028 sonam,
1506 1984 1605 2038 per
1627 1984 1765 2041 quas
1791 1961 2022 2016 intendit
2049 1961 2147 2016 ad-

1257 2043 1561 2104 versarium
1597 2044 1643 2096 ei
1678 2042 1809 2095 dare
1838 2053 1932 2094 aut
1963 2038 2147 2095 facere
2208 2077 2217 2083 -

1262 2132 1514 2194 oportere
1535 2163 1549 2182 ,
1576 2133 1629 2174 et
1673 2118 1791 2173 aliis
1813 2116 2154 2194 quibusdam.

1265 2196 1468 2264 modis;
1505 2211 1602 2251 aut
1623 2217 1753 2251 cum
1790 2216 1854 2250 eo
1894 2199 2007 2270 agit
2054 2198 2148 2273 qui
2179 2263 2183 2267 η

1264 2274 1416 2328 nullo
1452 2279 1576 2347 jure
1617 2277 1666 2328 ei
1706 2273 1981 2350 obligatus
2025 2286 2146 2338 est,

1265 2366 1448 2406 movet
1473 2366 1659 2407 tamen
1691 2351 1854 2406 alicui
1876 2351 1944 2406 de
1968 2352 2152 2429 aliqua

1265 2451 1322 2484 re
1359 2431 1788 2485 controversiam
1813 2472 1828 2492 ‚
1863 2449 1976 2504 quo
2018 2435 2185 2504 casu]

1266 2507 1496 2584 proditae
1513 2511 1758 2563 actiones
1778 2508 1833 2560 in
1854 2526 1973 2560 rem
1994 2511 2149 2570 sunt,

1266 2585 1464 2650 veluti,
1523 2589 1567 2640 si
1625 2605 1744 2639 rem
1804 2584 2154 2658 corporalem

1268 2663 1547 2739 possideat
1587 2666 1708 2739 quis
1754 2681 1923 2738 quam
1973 2664 2192 2717 Titius*

1265 2762 1422 2796 suam
1442 2761 1561 2796 esse
1576 2742 1839 2807 affirmet,
1868 2752 1922 2793 et
1944 2759 2155 2815 posses-

1265 2840 1355 2875 sor
1390 2818 1678 2875 dominum
1729 2838 1786 2872 se
1819 2837 1940 2872 esse
1977 2816 2151 2882 dicat:

1266 2918 1397 2952 nam
1415 2899 1459 2952 si
1480 2899 1661 2951 Titius
1677 2916 1834 2951 suam
1851 2915 1970 2950 esse
1984 2897 2157 2950 inten-

1267 2975 1361 3030 dat
1385 3019 1398 3042 ‚
1418 2977 1476 3030 in
1498 2995 1615 3029 rem
1640 2976 1781 3029 actio
1800 2987 1901 3029 est.
2161 2969 2167 2984 ‘

1344 3295 1395 3338 2.
1415 3288 1587 3359 AEque
1602 3285 1642 3337 si
1659 3268 1888 3355 agatjus
1913 3280 2013 3334 sibi
2037 3284 2155 3336 esse

1270 3361 1439 3415 fundo
1463 3361 1598 3413 sorte
1619 3359 1701 3414 vel
1729 3357 1937 3413 aedibus
1966 3359 2157 3433 utendi

1268 3437 1501 3502 fruendi,
1519 3436 1604 3492 vel
1624 3458 1721 3512 per
1741 3437 1977 3492 fundum
1998 3437 2166 3512 vicini

1267 3514 1431 3572 eundi
1478 3516 1670 3590 agendi
1688 3560 1702 3581 ,
1762 3514 1844 3569 vel
1883 3532 1947 3570 ex
1985 3513 2155 3570 fundo

2063 483 2065 488 ,
2099 473 2139 501 (”ἶ
2164 471 2188 506 ἰ’
