2300 3886
671 151 833 194 lenss
876 150 940 191 111
956 178 971 205 ,

133 259 220 307 Sed
245 264 397 306 nostra
436 258 601 306 decisio
636 259 697 305 ita
734 259 816 304 hoc
839 271 950 304 con-

67 327 226 382 stituit,
246 333 295 373 ut
317 326 520 387 quotiens
545 327 609 372 sic
631 325 869 385 composita
893 325 952 371 sit

68 394 263 443 venditio
299 410 452 446 QUANTI
497 410 588 438 itm
636 407 946 446 AEsrmAvEmr,

69 461 153 509 sub
191 461 274 506 hac
307 461 555 507 conditione
579 466 718 506 staret
751 465 952 504 contrac-

72 535 144 575 tus
172 545 182 574 z
211 535 284 582 ut,
314 529 352 574 si
380 528 556 586 quidem
582 528 676 585 ipse
706 526 780 583 qui
813 526 952 570 norni-

72 605 203 641 natus
229 601 296 641 est
319 595 509 654 pretium
536 593 781 644 definierit,
814 593 954 637 omni-

75 663 203 708 modo
228 662 470 708 secundum
490 660 587 718 ejus
614 659 953 705 aestimationem
975 677 978 700 ι

74 735 119 775 et
156 730 345 788 pretium
380 727 655 787 persolvatur
696 731 739 771 et
770 740 842 772 res
867 731 954 772 tra-

73 796 228 848 datur,
259 802 303 842 et
325 793 518 840 venditio
542 793 597 838 ad
618 793 821 839 effectum
847 807 954 853 per-

75 863 262 908 ducatur
285 866 481 920 emptore
519 860 709 919 quidem
730 874 784 906 ex
808 866 956 919 empto

74 930 260 983 actione,
289 927 518 973 venditore
542 941 595 973 ex
619 927 797 973 vendito
821 940 956 985 agen-

76 1002 136 1042 te.
179 984 257 1041 Sin
299 1001 446 1040 autem
481 993 554 1040 ille
596 994 671 1052 qui
706 993 957 1039 nominatus

75 1068 171 1119 est,
213 1062 282 1108 vel
309 1061 497 1107 noluerit
539 1061 609 1108 vel
635 1075 721 1107 non
761 1061 957 1120 potuerit

75 1130 267 1189 pretium
305 1128 518 1184 definire,
567 1134 673 1173 tunc
711 1141 791 1186 pro
825 1127 959 1173 nihilo

77 1209 176 1242 esse
191 1195 504 1250 venditionem,
525 1196 652 1255 quasi
676 1194 797 1240 nullo
818 1195 960 1254 pretio

75 1268 258 1310 statuto,
281 1261 408 1316 Quod
426 1263 518 1322 juS,
541 1276 644 1309 cum
666 1262 710 1306 in
736 1262 960 1308 venditio-

76 1330 206 1376 nibus
232 1329 414 1389 placuit,
448 1342 535 1374 non
560 1335 629 1376 est
652 1328 896 1374 absurdum
918 1334 963 1375 et

77 1397 124 1442 in
163 1396 453 1444 locationibus
500 1402 546 1443 et
593 1395 962 1448 conductionibus

80 1464 277 1514 trahere.

154 1598 207 1644 2.
243 1594 379 1645 Item
415 1591 653 1666 pretium
688 1590 746 1642 in
774 1607 963 1642 nume-

79 1681 196 1722 rata
211 1671 446 1744 pecunia
461 1665 963 1733 consisteredebet3

78 1765 208 1801 nam
245 1749 301 1801 in
330 1747 523 1801 ceteiis
551 1744 717 1799 rebus
752 1765 822 1798 an
850 1764 968 1819 pre·

83 1827 220 1878 tium
266 1844 386 1879 esse
430 1825 631 1898 possit,
682 1821 853 1876 veluti
895 1842 968 1875 an

84 1901 247 1956 homo
270 1917 367 1956 aut
387 1900 591 1955 fundus
614 1914 707 1953 aut
739 1913 866 1972 toga
892 1899 967 1952 al-

83 1983 255 2034 terius
282 1982 355 2034 rei
389 1981 627 2054 pretium
652 1998 772 2031 esse
799 1979 973 2051 possit

83 2057 243 2114 valde
269 2056 639 2133 quaerebatur.
664 2056 894 2111 Sabinus
920 2069 973 2108 et

85 2138 302 2192 Cassius
325 2137 490 2191 etiam
511 2137 565 2188 in
581 2134 758 2187 aliare
780 2147 973 2222 putant

85 2234 246 2289 posse
332 2215 570 2289 pretium
650 2214 967 2266 consisteie.

89 2291 247 2346 Unde
269 2290 406 2346 illud
433 2304 516 2344 est
540 2289 689 2378 quod
715 2288 879 2363 vulno
906 2288 976 2342 di-

88 2369 762 2446 cebatur,pe1mutatione
790 2388 877 2421 ιρι
885 2387 974 2420 uin

89 2449 424 2524 emptionem
494 2460 546 2500 et
604 2446 976 2500 venditionem

88 2525 370 2591 contrahi,
432 2544 666 2601 eamque
734 2525 974 2598 speciem

92 2606 384 2679 emptionis
416 2618 469 2657 et
506 2601 837 2657 venditionis
888 2620 977 2655 ve-

91 2684 455 2751 tustissimam
491 2699 640 2747 esse3
688 2699 982 2751 argumen-

1018 150 1182 192 TJTRE
1225 151 1384 194 xxm.
1889 136 2003 194 189

1065 259 1187 305 Nous
1226 272 1370 305 avons
1395 257 1550 305 decide
1587 272 1674 318 que
1699 295 1707 313 ‚
1747 257 1859 306 dans
1885 265 2005 306 toute

997 332 1129 372 vente
1160 326 1263 371 faite
1295 343 1314 368 «
1345 340 1452 385 pour
1474 325 1513 372 le
1534 326 1630 384 prix
1651 325 1788 385 qu'un
1815 326 1873 372 tel
1899 327 2005 372 esti-

999 405 1155 438 mera»
1184 428 1192 444 ,
1218 391 1258 437 le
1279 399 1451 438 contrat
1474 395 1612 438 existe
1636 407 1740 440 sous
1762 399 1878 439 cette
1900 407 2006 439 con-

998 459 1152 512 dition,
1180 472 1266 516 que
1294 459 1330 503 si
1364 458 1404 503 la
1435 473 1653 518 personne
1687 461 1897 519 designee
1922 460 2007 507 fixe

998 540 1057 570 un
1086 526 1212 584 prix,
1250 538 1327 570 son
1355 526 1607 571 estimation
1644 541 1741 573 sera
1767 542 1851 574 une
1884 527 2006 586 regle

999 592 1180 637 absolue
1205 628 1213 645 ,
1243 597 1337 637 tant
1361 605 1471 651 pour
1507 592 1546 637 le
1581 593 1801 651 paiement
1825 594 1886 639 du
1908 593 2007 654 prix

1000 673 1086 718 que
1134 673 1242 718 pour
1288 658 1327 702 la
1374 658 1580 704 tradition
1623 659 1677 705 de
1712 661 1752 704 la
1777 660 1938 717 chose,
1967 660 2008 706 la

1001 732 1133 772 vente
1157 725 1362 784 produira
1398 738 1477 770 son
1512 726 1646 783 effet‚
1678 732 1730 774 vet
1767 727 2010 773 l'acheteur

1001 793 1123 851 agira
1144 806 1224 852 par
1248 791 1420 836 l'action
1439 792 1630 845 d'achat,
1653 793 1693 838 le
1717 794 1912 839 vendeur
1932 807 2011 854 par

1003 859 1182 904 lection
1222 859 1278 904 de
1315 865 1461 904 vente.
1491 859 1563 914 Si,
1599 873 1653 904 au
1690 860 1936 914 contraire,
1971 860 2011 905 la

1003 940 1224 986 personne
1262 925 1474 983 designee
1509 940 1565 971 ne
1598 932 1702 972 veut
1736 939 1790 972 ou
1828 940 1884 972 ne
1907 932 2013 985 peut

1004 994 1112 1039 fixer
1132 993 1172 1038 le
1196 993 1318 1052 prix,
1355 992 1395 1037 la
1419 998 1549 1038 vente
1579 1006 1679 1038 sera
1702 993 1822 1038 nulle
1842 1007 2013 1039 comme

1004 1060 1245 1106 etantfaite
1261 1073 1364 1104 sans
1389 1061 1503 1118 prix.
1533 1059 1656 1106 Cette
1683 1060 1900 1115 decision,
1927 1073 2014 1118 que

1006 1140 1117 1173 nous
1140 1139 1279 1172 avons
1302 1126 1472 1172 admise
1495 1140 1607 1186 pour
1638 1126 1678 1172 la
1703 1133 1861 1182 vente,
1889 1127 2010 1187 doit,

1006 1207 1115 1242 avec
1131 1194 1293 1250 raison,
1322 1193 1593 1254 s’appliquer
1616 1207 1672 1241 au
1692 1194 1865 1253 louage.

1086 1595 1138 1655 2.
1169 1589 1245 1641 Le
1268 1589 1385 1663 prix
1409 1585 1522 1641 doit
1550 1587 1818 1642 consister
1840 1607 1906 1643 en
1929 1610 2016 1644 ar·-

1016 1681 1144 1738 gent
1169 1685 1465 1741 monnaye.
1491 1669 1569 1719 Ειι
1593 1665 1749 1733 effet,
1775 1687 1846 1722 on
1874 1689 1902 1722 a
1922 1668 2024 1722 sor-

1016 1757 1224 1797 tement
1277 1757 1505 1798 controx
1512 1764 1570 1797 ei
1575 1765 1631 1799 se
1673 1743 1724 1797 Ιιι
1766 1749 2021 1822 question

1017 1821 1084 1874 de
1109 1822 1287 1875 savoii
1313 1825 1354 1875 si
1378 1821 1426 1875 le
1453 1823 1573 1895 prix
1599 1836 1732 1896 peut
1753 1826 2023 1878 consister

1018 1919 1082 1952 en
1108 1897 1156 1952 d
1161 1912 1346 1953 autres
1369 1899 1578 1974 objets‚
1614 1919 1712 1974 pur
1735 1902 1984 1977 exemple
2006 1945 2018 1964 ,

1021 1979 1064 2029 si
1088 1997 1161 2030 un
1185 1977 1366 2031 esclav
1373 1999 1426 2041 e,
1458 1998 1533 2030 un
1559 1944 1745 2044 foiids,
1770 2000 1848 2033 un
1873 1987 2028 2034 vete-

1020 2070 1174 2108 ment
1218 2076 1284 2130 p(
1293 2070 1350 2109 ut
1387 2055 1593 2109 foiinei
1633 2055 1715 2109 le
1729 2060 1851 2132 prix
1894 2056 1944 2110 d
1953 2078 2027 2110 un

1020 2147 1178 2187 autre
1219 2131 1387 2209 objet
1436 2135 1662 2187 Suivunt
1699 2135 1931 2190 Sabinus
1977 2148 2030 2188 et

1022 2212 1270 2278 CassiuS,
1322 2211 1372 2266 le
1422 2232 1485 2286 pr
1493 2214 1539 2264 ix
1585 2226 1718 2286 peut
1762 2216 2031 2267 consistet

1024 2289 1161 2343 dans
1178 2309 1251 2342 un
1273 2289 1423 2363 objet
1438 2288 1802 2383 quelconque,
1827 2306 1879 2345 et
1902 2311 1931 2345 c
1933 2289 2032 2344 est

1026 2387 1092 2420 en
1121 2387 1181 2421 ce
1209 2387 1334 2420 sens
1367 2387 1442 2441 qu
1463 2386 1535 2419 on
1559 2388 1582 2420 5
1588 2365 1850 2443 'exprime
1878 2389 2032 2423 com—

1026 2447 1353 2499 munement
1380 2443 1581 2519 lorsqu
1589 2466 1661 2498 on
1693 2445 1772 2500 dit
1807 2468 1916 2524 que
1938 2445 2032 2500 l’e-

1027 2521 1236 2597 chame
1292 2539 1374 2576 est
1423 2542 1531 2576 une
1576 2537 1764 2591 vente,
1824 2538 1878 2579 et
1924 2541 2034 2577 une

1029 2615 1188 2654 vente
1215 2604 1324 2654 tres
1370 2602 1656 2655 ancienne.
1702 2601 1773 2656 lls
1817 2604 2036 2657 cituient

1027 2678 1078 2732 le
1101 2680 1444 2754 te'rnoignage
1474 2676 1796 2749 d'Homere,
1823 2679 2035 2754 d'apres

93 2773 261 2834 toque
298 2759 596 2813 utebantui
613 2777 792 2832 giaeco
818 2768 981 2832 poeta
1031 2755 1209 2831 lequel
1276 2777 1386 2811 une
1451 2759 1626 2831 partie
1683 2758 1751 2812 de
1811 2757 2036 2812 laime'e

94 2841 358 2902 Homem,
383 2838 516 2913 quit
501 2836 742 2911 aliquam
766 2855 866 2909 pai
873 2847 978 2888 tem
1031 2855 1269 2911 giecque
1299 2855 1355 2888 se
1396 2837 1562 2889 serait
1591 2839 1827 2925 piocuie
1850 2835 1922 2890 du
1945 2837 2037 2890 vin

95 2912 983 2969 exercitusAchivoruinvinumsi·
1032 2934 1099 2967 en
1141 2912 1387 2986 echange
1422 2912 1490 2965 de
1523 2915 1788 2968 certaines
1819 2912 2034 2968 choses

93 2992 149 3047 bi
166 3011 518 3067 comparasse
534 2993 626 3058 ait,
655 2992 983 3063 permutatis
1033 2992 1186 3044 Voici
1216 2989 1292 3044 les
1322 3010 1486 3044 veis:

96 3069 427 3145 quibusdam
450 3069 633 3135 rebus,
653 3068 739 3124 his
767 3068 944 3129 verbis
971 3088 982 3122 :

461 3221 607 3282 Ε’νθεν
633 3233 701 3296 ἄρ’
723 3227 933 3288 οἷνίζοντὸ
950 3227 1285 3295 κάρηκομόωντες
1310 3216 1488 3292 Α’χαιοῖ,

463 3319 499 3359 A
500 3300 607 3359 λλοι
629 3331 699 3373 μεν
723 3310 897 3375 χαλκῶ,
920 3309 1038 3357 ἄλλοι
1063 3305 1101 3356 δ’
1120 3308 1269 3356 αἴθωνι
1293 3307 1475 3371 σιδηρᾶ),

464 3396 502 3436 A
521 3389 607 3437 λλοι
635 3389 674 3438 δὲ
691 3410 839 3453 ρινοις,
864 3388 982 3435 αλλοι
1007 3385 1044 3435 δ’
1079 3406 1249 3436 αυτοισι
1272 3384 1467 3450 βοεῦσιν,

465 3474 499 3515 A
521 3467 609 3516 λλοι
636 3466 674 3514 δ’
698 3466 1021 3531 ἀιὸραπόδεσσι
