2300 3886
801 182 965 244 mvsa
1008 182 1096 234 lv,
1144 183 1307 222 'mermi
1351 183 1473 224 xm.
1997 167 2113 230 [155

134 315 151 345 γ
181 305 298 339 rem
336 284 586 340 vindicet.
626 287 778 340 Licet
805 284 950 336 enim
975 300 1065 335 ve·
1110 282 1380 337 mandeur
1429 283 1769 360 revendique
1817 302 2015 338 encore
2065 284 2115 339 le

179 383 301 417 rum
327 365 394 416 sit
419 362 566 439 quod
603 360 854 426 intendit,
883 358 937 412 id
962 375 1061 426 est,
1110 366 1288 413 meme
1333 359 1497 435 objet.
1542 365 1622 416 En
1662 361 1809 427 effet,
1855 360 2117 438 quoiqu'il

179 460 293 494 rem
316 444 432 511 ejus
456 443 854 516 esse,iniquum
877 451 1063 491 tamen
1111 436 1224 490 dise
1247 437 1297 491 la
1322 441 1488 492 verite
1510 459 1576 492 en
1595 452 1887 493 soutenant
1906 454 2119 514 quecet

181 531 263 572 est
289 537 664 591 possessorem
690 516 1060 571 condemnari.
1111 515 1261 586 objet
1281 515 1356 568 lui
1381 519 1708 590 appartient,
1734 517 2057 571 neanmoins
2080 516 2114 569 il

1114 593 1275 646 serait
1319 595 1506 669 inique
1560 592 1628 647 de
1669 592 2023 648 -condamner
2065 593 2117 648 le

1113 689 1450 745 possesseur.

259 764 310 809 5=.
359 756 495 805 Item
541 752 586 804 si
623 749 831 825 judicio
878 763 1061 803 tecum
1191 757 1241 802 5.
1270 746 1575 824 Lorsqu'on
1612 769 1643 801 a
1681 749 1891 802 intente
1927 762 2118 804 contre

171 844 363 900 ,actum
383 829 561 894 fuerit,
586 832 700 882 sive
724 830 776 882 in
796 848 933 892 rem,
952 830 1063 881 sive
1115 845 1250 878 vous
1272 845 1382 879 une
1404 828 1585 879 action
1612 824 1776 879 reelle
1794 846 1866 878 ou
1886 845 2118 899 person-

178 910 234 963 in
298 926 627 981 personam,
706 905 1062 959 nihilominus
1117 901 1282 968 nelle,
1332 901 1667 978 l'obligation
1710 900 1836 955 n'en
1880 902 2119 956 subsiste

179 984 437 1059 obligatio
471 983 650 1048 durat,
692 997 742 1037 et
783 983 906 1037 ideo
946 985 1064 1055 ipso
1114 1000 1210 1054 pas
1239 983 1442 1047 moin53
1470 983 1605 1033 ainsi
1631 1000 1703 1034 on
1728 993 1862 1054 peut
1899 1000 2116 1045 encore,

173 1060 298 1137 jure
333 1061 401 1115 de
439 1060 629 1114 eadem
668 1081 726 1113 re
760 1075 949 1135 postea
969 1060 1063 1113 ad·
1113 1057 1324 1131 d’apres
1350 1057 1399 1111 le
1426 1059 1571 1112 droit
1596 1056 1741 1123 civil,
1782 1059 1898 1131 agir
1929 1072 2118 1111 contre

179 1158 370 1193 versus
389 1153 439 1192 te
455 1137 880 1213 agipotest;sed
898 1137 1063 1191 debes
1116 1154 1248 1187 vous
1275 1154 1418 1209 pour
1459 1135 1508 1188 le
1546 1139 1726 1189 meme
1764 1134 1939 1206 objet3
1984 1135 2120 1188 mais

179 1237 280 1291 per
305 1219 683 1291 exceptionem
709 1217 785 1268 rei
805 1214 1065 1290 judicatae
1116 1231 1251 1266 vous
1275 1211 1445 1266 devez
1470 1218 1586 1267 etre
1615 1214 1840 1287 protege
1868 1231 1969 1286 par
1990 1210 2120 1264 l'ex·

176 1292 442 1368 adjuvari.
1114 1291 1330 1364 ception
1354 1289 1493 1343 dela
1517 1289 1684 1343 chose
1708 1287 1891 1363 jugee.

254 1382 307 1425 6.
327 1375 459 1425 Haec
479 1369 713 1444 exempli
734 1389 899 1424 causa
923 1386 1064 1424 retu·
1190 1378 1243 1421 6.
1271 1370 1373 1420 Les
1401 1366 1679 1442 exemples
1698 1365 1867 1442 qu'on
1895 1364 2122 1420 vientde

179 1447 307 1502 lisse
329 1448 582 1502 sufficiet.
607 1450 1061 1523 Alioquin‚qnam
1113 1458 1405 1520 rapporter
1433 1445 1708 1499 suffiront.
1735 1448 1819 1497 Du
1845 1456 2004 1508 reste,
2048 1463 2118 1496 on

181 1546 245 1580 ex
302 1525 490 1589 multis
548 1528 822 1600 variisque
885 1527 1063 1579 causis
1115 1541 1314 1596 pourra
1337 1524 1645 1585 concevoir,
1672 1541 1771 1595 par
1810 1520 1890 1574 les
1928 1519 2120 1573 details

178 1605 528 1675 exceptiones
573 1604 890 1656 necessarias
934 1594 1061 1665 sinf,
1112 1613 1382 1652 contenus
1416 1599 1551 1652 dans
1587 1597 1635 1652 le
1668 1600 1887 1672 Digeste
1928 1617 2000 1651 ou
2042 1596 2121 1651 les

179 1701 241 1735 ex
276 1679 558 1734 latioribus
587 1681 936 1754 Digestorum
966 1699 1059 1732 seu
1113 1677 1431 1740 pandectes,
1464 1676 1511 1730 la
1543 1674 1835 1728 multitude
1872 1688 1924 1727 et
1953 1673 2002 1728 la
2038 1674 2118 1727 di·

169 1758 583 1814 Pandectarnm
632 1757 784 1811 libris
837 1755 1059 1830 intelligi
1113 1756 1309 1807 versite
1337 1752 1433 1806 des
1477 1773 1566 1806 cas
1593 1758 1666 1806 ou
1694 1752 1771 1806 les
1799 1753 2117 1826 exceptions

175 1849 374 1912 potest.
1111 1844 1238 1883 sont
1268 1832 1618 1884 necessaires.

254 1926 307 1969 7.
337 1917 587 1983 Quarum
615 1910 868 1986 quaedam
900 1929 965 1963 ex
996 1909 1060 1963 le·
1188 1919 1238 1962 7.
1286 1911 1390 1961 Les
1431 1903 1756 1981 exceptions¹
1790 1908 1955 1959 tirent
1996 1905 2115 1959 leur

147 2041 154 2052 „
176 1990 336 2065 gibus
382 1989 462 2042 vel
519 2009 583 2043 ex
634 1991 697 2043 iis
749 2007 873 2062 quae
928 1986 1060 2060 legis
1110 1986 1336 2059 origine,
1377 2006 1450 2039 ou
1482 1984 1578 2038 des
1607 1984 1705 2038 lois
1728 1997 1781 2038 et
1806 1982 1903 2037 des
1929 1998 2114 2036 autres

174 2071 351 2122 vicem
377 2067 648 2132 obtinent,
689 2066 772 2118 vel
797 2086 861 2118 ex
887 2067 1059 2138 ipsius
1112 2064 1308 2136 parties
1342 2060 1414 2116 du
1459 2062 1603 2116 droit
1644 2063 1736 2136 qui
1776 2059 2116 2134 remplacent

145 2148 425 2222 “praetoris
478 2143 859 2220 jurisdictione
913 2141 1061 2195 subs-
1111 2140 1157 2192 la
1184 2139 1272 2206 loi,
1296 2160 1365 2194 ou
1390 2139 1456 2193 de
1480 2138 1862 2214 lajuridiction
1891 2137 1965 2191 du
1996 2140 2117 2211 pre·

178 2225 403 2276 tantiam
431 2224 673 2296 capiunt.
1011 2292 1013 2294 q
1112 2233 1248 2271 teur.

254 2309 306 2356 8.
350 2298 712 2374 Appellantur
746 2310 931 2351 autem
970 2317 1058 2350 ex·
1187 2305 1238 2350 8.
1260 2299 1362 2349 Les
1378 2295 1695 2368 exceptions
1716 2305 1854 2358 sont,
1875 2291 1954 2346 les
1977 2312 2117 2346 unes

165 2380 478 2452 captiones,
519 2375 639 2430 aliae
683 2389 965 2449 perpetuae
1009 2387 1060 2426 et
1114 2372 1480 2446 perpetuelles
1504 2386 1557 2426 et
1579 2372 1996 2445 peremptoires,
2037 2368 2116 2423 les

176 2475 362 2532 perem
374 2452 714 2529 p‘toriae,aliae
729 2450 1061 2526 temporales
1110 2463 1296 2504 autres
1324 2451 1685 2524 temporaires
1706 2463 1759 2501 et
1779 2446 2073 2501 dilatoires.

141 2591 143 2593 ,
177 2548 231 2588 et
254 2532 536 2587 dilatoriae.

166 2624 173 2669 i
252 2621 306 2667 9.
353 2616 636 2686 Perpetuae
664 2623 717 2662 et
749 2619 1064 2682 perempto-
1190 2601 1777 2679 9.Sontperpetuelles
1797 2615 1850 2656 et
1871 2604 2118 2677 peremp-
2191 2644 2194 2649 .

136 2690 273 2745 sriae
293 2701 439 2747 sunt,
471 2707 597 2761 quae
626 2705 845 2759 semper
869 2687 1064 2758 agenti·
1117 2685 1277 2737 toires
1322 2683 1485 2736 celles
1541 2683 1635 2757 qui
1696 2680 1813 2734 font
1867 2676 2117 2752 toujours

139 2765 283 2827 „gbus
318 2764 557 2829 obstant,
601 2778 653 2818 et
692 2783 911 2838 semper
947 2782 1061 2815 rem
1113 2760 1354 2814 obstacle
1394 2780 1462 2812 au
1505 2757 1851 2812 demandeur
1890 2772 1942 2809 et
1981 2757 2119 2830 peri-

136 2901 139 2903 *
163 2844 248 2898 -de
270 2862 380 2920 qua
400 2844 580 2917 agitur
608 2842 913 2916 perimunt,
944 2859 1066 2915 qua·
1115 2850 1264 2891 ment
1283 2841 1532 2908 toujours
1554 2831 1979 2888 l'action.Telles
1995 2846 2122 2886 sont

179 2920 244 2975 lis
273 2933 356 2974 est
397 2920 645 2992 exceptio
686 2916 794 2970 doli
839 2915 982 2982 mali,
1015 2932 1067 2970 et
1114 2914 1189 2968 les
1206 2917 1524 2987 exceptions
1547 2912 1615 2965 de
1632 2910 1721 2965 dol
1739 2910 1942 2987 etquod
1961 2921 2122 2963 metus

167 2997 332 3076 ‹quod
356 3010 536 3050 metus
555 3014 716 3048 causa
732 2993 938 3046 facturn
965 3008 1063 3055 est,
1114 3012 1297 3055 causa5
1357 2992 1481 3044 telle
1540 3004 1620 3044 est
1671 2987 1995 3063 l‘exception
2046 2986 2121 3040 du

147 3089 236 3130 set
280 3076 419 3149 pacti
465 3074 722 3127 conventi
747 3073 787 3134 ,'
814 3091 941 3124 cum
995 3073 1067 3123 ita
1117 3083 1291 3144 pacte,
1326 3065 1608 3144 lorsqu'on
1649 3080 1732 3120 est
1766 3085 2015 3119 convenu
2054 3062 2123 3116 de

183 3154 582 3207 conveneritne
597 3150 1068 3222 omninopecunia
1118 3167 1186 3200 ne
1209 3147 1411 3200 former
1436 3163 1650 3199 aucune
1675 3142 1964 3198 demande.

185 3242 479 3304 peteretur.
1271 3242 1278 3247 ·“

266 3313 358 3361 10.
386 3303 742 3380 Temporales
779 3316 944 3380 atque
988 3301 1069 3356 di·
1198 3310 1287 3358 10.
1328 3302 1460 3356 Sont
1504 3299 1860 3371 temporaires
1901 3308 1956 3348 et
1990 3292 2122 3348 dila-

188 3381 396 3445 latoriae
420 3394 566 3445 sunt,
608 3401 732 3457 quae
759 3380 829 3435 ad
855 3397 1070 3455 tempus
1122 3381 1283 3434 toires
1309 3378 1388 3433 les
1425 3378 1739 3451 exceptions
1769 3373 1863 3449 qui
1898 3391 1966 3427 ne
2005 3370 2124 3425 font

135 3472 409 3525 pnoeent,
455 3471 509 3511 et
550 3461 815 3532 temporis
857 3457 1071 3512 dilatio·
1093 3445 1099 3539 Ι
1120 3454 1287 3533 qu'un
1311 3454 1552 3511 obstacle
1572 3451 1981 3526 temporaire‘et
2001 3468 2124 3525 pro·
