2300 3886
707 232 942 291 *imm
986 247 1042 290 1v
1061 276 1076 301 ,
1123 212 1308 290 Tmissf
1331 237 1403 291 vi,

199 369 291 416 21.
319 365 525 417 Omnes
551 366 736 413 autem
761 358 1011 411 actiones

67 439 208 493 “vel
264 441 318 492 in
384 436 643 511 simplum

724 447 1013 508 couceptae

125 531 272 580 sunt,
307 516 393 570 vel
436 518 492 568 in
537 512 783 588 duplum,
828 512 913 564 vel
959 514 1009 563 iu

75 594 101 670 γᾷ
123 593 371 667 triplum,
408 592 492 646 vel
528 593 583 645 in
618 587 1012 664 quadruplum.

126 668 370 725 Ulterius
427 682 610 724 autem
660 665 813 720 nulla
872 668 1014 719 actio

127 747 461 801 extenditur.

204 834 297 878 22.
322 829 384 878 In
406 820 667 897 simplum
691 822 872 895 agitur
897 842 907 873 :
934 840 1016 873 ve-

128 901 229 955 luti
258 921 321 955 ex
348 899 721 976 stipulatione,
746 918 810 951 ex
836 899 1017 952 mutui

129 977 366 1042 datione,
389 998 455 1032 ex
477 990 662 1050 empto
682 975 924 1039 vendito,
950 974 1018 1027 lo-

129 1069 251 1110 cato
294 1054 590 1118 conductO,
637 1051 920 1117 mandato,
966 1066 1019 1105 et

130 1131 370 1209 denique
397 1153 461 1187 ex
494 1131 613 1185 aliis
639 1130 1018 1205 compluribus

132 1229 331 1263 catisis.

212 1296 302 1342 23.
330 1292 386 1341 ln
411 1284 643 1359 duplum
667 1286 908 1358 agimus:
938 1304 1021 1337 ve-

133 1363 231 1418 luti
250 1364 380 1417 furti
402 1383 504 1416 nec
528 1363 818 1426 manifesti,
836 1361 1021 1414 damni

134 1443 349 1514 injuriae
372 1461 438 1495 ex
460 1440 579 1514 lege
600 1439 831 1515 Aquilia,
854 1437 1018 1512 depo·

133 1521 222 1575 siti
264 1539 328 1573 ex
380 1516 711 1594 quibusdam
764 1515 981 1587 casibus
1006 1537 1018 1582 ;

137 1598 268 1650 item
292 1599 435 1651 servi
458 1597 718 1669 corrupti,
737 1613 858 1669 quae
878 1613 1025 1646 coui-

137 1676 274 1749 petit
317 1676 370 1726 in
419 1692 547 1726 eum
599 1669 757 1746 cujus
791 1669 1022 1724 hortatu

139 1750 434 1806 consiliove
469 1748 901 1806 servusialienus
933 1748 1024 1800 fu-

142 1831 297 1902 gerit,
322 1840 416 1881 aut
439 1843 737 1880 contumax
760 1825 1025 1878 adversus

66 1917 73 1920 “
143 1905 430 1959 dominum
450 1904 628 1958 factus
649 1917 749 1967 est,
769 1915 863 1954 aut
878 1901 1027 1955 luxu-

142 1984 287 2035 riose
308 1983 489 2036 vivere
507 1983 752 2056 coeperit,
774 1993 868 2032 aut
886 1978 1029 2032 deni-

144 2080 251 2134 que
296 2057 542 2134 quolibet
586 2056 750 2110 modo
781 2055 1028 2134 ‘deterior

65 2145 73 2152 ⁷
144 2135 322 2190 factus
377 2138 463 2189 sit⁶
527 2138 582 2187 ln
641 2133 1028 2209 qua‘ectione

145 2215 308 2268 etiam
336 2233 523 2267 earum
558 2232 743 2266 rerum
775 2230 913 2285 quas
940 2211 1027 2264 fu-

146 2290 343 2366 giendo
385 2310 577 2343 servus
614 2288 860 2364 abstulit,
891 2291 1028 2342 aesti-

148 2371 315 2422 matio
341 2366 650 2421 deducitur.
695 2383 697 2386 ·

217 2668 330 2714 Item
344 2682 396 2714 ex
409 2667 555 2725 legato
571 2666 688 2726 quod
701 2665 1032 2713 venerabilibus

144 2733 256 2780 locis
278 2734 479 2780 relictum
497 2739 582 2787 est,
604 2733 852 2779 secundum
865 2746 914 2778 ea
933 2745 1035 2792 quae

153 2813 288 2860 supra
311 2799 519 2845 diximus.

223 2937 329 2978 24.
357 2932 495 2991 Tripli
533 2945 668 2984 vero,
713 2946 815 2978 cum
854 2931 1033 2991 quidam

99 3008 106 3011 “
154 3002 364 3060 majorem
389 3012 507 3045 verae
530 2999 835 3044 aestimationis
860 2998 1035 3056 quanti--

153 3073 290 3113 tatem
326 3067 371 3110 in
407 3065 555 3110 libello
581 3064 886 3110 conventIOnis
918 3065 1037 3108 inse·

107 3136 114 3164 ‘-
155 3135 273 3188 ruit·‚
313 3138 362 3177 ut
398 3146 452 3177 ex
485 3132 567 3176 hac
588 3144 723 3177 causa
748 3131 963 3183 viatores,
993 3130 1035 3174 id

13 3219 26 3232 ν
87 3204 227 3244 mest
268 3204 526 3245 executores
568 3198 736 3251 litium,
779 3197 1036 3255 ampliorem

73 3267 377 3312 anmnmnm
406 3265 705 3325 sportularum
737 3266 914 3309 nomine
937 3277 1038 3309 exe-

69 3386 81 3392 „
128 3331 342 3397 „geriqtjz
362 3338 469 3393 tunc
492 3332 608 3378 enim
640 3331 684 3376 id
708 3332 826 3390 quod
858 3336 1038 3389 propter

106 3443 130 3466 p„
161 3398 315 3449 eorum
325 3409 503 3443 causam
514 3398 722 3443 damnum
735 3409 895 3457 passus
910 3396 928 3440 f
929 3396 1043 3443 uerit

77 3463 79 3466 ⁴
106 3467 111 3471 “
162 3474 280 3516 reue,
299 3462 346 3506 in
364 3461 546 3520 triplum
559 3463 615 3508 ab
631 3470 779 3510 actore
797 3476 1040 3522 conseque-

1943 232 2059 289 335

1139 362 1231 407 21.
1260 340 1744 412 Tou‘tensition2se
1782 355 1965 410 donne
1991 376 2060 409 au

1063 430 1277 505 simple,
1293 451 1361 484 au
1383 433 1605 498 double,
1625 454 1695 487 au
1711 433 1873 508 triple
1896 454 1966 487 ou
1991 453 2062 486 au

1064 507 1389 584 quadruple,
1414 523 1468 563 et
1487 514 1681 580 jainais
1704 531 1774 564 au
1797 510 1936 565 dele.

1145 829 1236 874 22.
1282 822 1370 874 On
1416 821 1527 893 agit
1581 838 1651 872 au
1697 820 1913 894 simple,
1968 840 2067 894 par

1066 896 1335 972 exemple,
1375 916 1443 949 en
1488 916 1579 950 cas
1624 895 1689 948 de
1726 897 2065 971 stipulatiou,

1066 979 1134 1032 de
1154 982 1293 1052 pret,
1326 974 1395 1028 de
1434 988 1614 1039 vente,
1649 973 1716 1027 de
1756 972 1969 1048 louage,
1997 975 2063 1027 tle

1068 1052 1311 1115 mandat,
1353 1066 1404 1106 et
1435 1051 1582 1107 enfin
1610 1050 1747 1104 daus
1783 1071 1894 1104 une
1919 1050 2066 1104 foule

1068 1132 1305 1188 d’autres
1333 1149 1443 1183 caS.

1147 1295 1238 1343 23.
1283 1288 1369 1339 On
1414 1287 1524 1358 agit
1568 1304 1638 1336 au
1680 1282 1919 1348 double,
1969 1304 2070 1359 par

1071 1361 1338 1438 exemple,
1382 1382 1482 1436 par
1515 1360 1593 1414 les
1621 1363 1831 1414 actions
1872 1361 1940 1414 de
1982 1359 2070 1414 vol

1070 1462 1181 1496 non
1222 1440 1529 1503 manifeste,
1567 1458 1639 1491 ou
1675 1438 1744 1490 de
1778 1437 2070 1512 dommage

1073 1520 1236 1572 cause
1277 1523 1305 1569 εὶ
1347 1530 1454 1570 tort
1492 1535 1558 1569 en
1603 1528 1759 1569 vertu
1801 1514 1868 1568 (le
1906 1515 1954 1568 la
2000 1514 2074 1570 loi

1072 1594 1309 1671 Aquilia,
1339 1608 1392 1647 et
1429 1592 1772 1668 quelquefois
1797 1599 1976 1646 meme
2006 1591 2074 1646 de

1074 1674 1258 1747 clepet.
1294 1670 1448 1724 Telle
1493 1685 1575 1724 est
1619 1691 1817 1724 encore
1856 1669 2077 1725 l'action

1074 1771 1140 1804 en
1185 1751 1506 1822 corruption
1554 1747 1837 1814 cl’esclave,
1889 1763 2077 1802 contre

1074 1847 1215 1881 ceux
1241 1826 1375 1879 dont
1396 1825 1475 1879 les
1496 1824 1725 1878 exhorta
1738 1826 1878 1878 tions
1900 1846 1972 1878 ou
1999 1824 2076 1880 les

1076 1903 1309 1958 conseils
1352 1916 1449 1955 ont
1491 1903 1797 1956 determine
1833 1900 2078 1960 l’esclave

1076 1980 1309 2035 d’autrui
1340 1984 1369 2032 ἐι
1403 1980 1528 2046 fuir,
1555 1983 1586 2033 ἐι
1617 1982 1839 2034 resister
1860 2001 1966 2036 aux
1993 2002 2080 2036 or-

1077 2058 1203 2112 dres
1233 2057 1300 2111 de
1329 2077 1433 2112 son
1463 2065 1677 2120 maitre,
1700 2062 1729 2110 ὲ
1758 2060 1903 2111 vivre
1941 2061 2079 2113 (lans

1079 2134 1129 2188 la
1160 2134 1460 2199 de'bauche,
1493 2155 1565 2187 ou
1608 2133 1753 2187 enfin
1795 2135 1928 2190 l’ont
1953 2159 2077 2192 cor-

1079 2231 1277 2286 rompu
1319 2209 1482 2265 d'uue
1525 2215 1766 2266 maniere
1811 2214 2078 2289 quelcon-

1079 2310 1203 2366 que.
1248 2293 1333 2342 On
1375 2290 1470 2342 fait
1510 2292 1659 2343 aussi
1711 2303 1896 2344 entrer
1941 2292 2078 2346 dans

1079 2381 1218 2420 cette
1239 2368 1419 2419 action
1455 2365 1803 2420 l’estimation
1836 2368 1932 2422 des
1955 2370 2081 2424 cho-

1082 2464 1165 2497 ses
1190 2441 1597 2518 quel'esclavea
1614 2448 1922 2519 emporte'es
1946 2446 2083 2502 (lans

1080 2541 1137 2575 sa
1159 2521 1311 2575 suite,
1842 2522 1845 2524 ’

1147 2664 1267 2712 Telle
1286 2670 1354 2712 est
1379 2678 1555 2721 encore,
1585 2679 1756 2713 comme
1779 2680 1892 2714 nous
1915 2668 2086 2716 l'avons

1080 2732 1143 2778 dit
1163 2732 1263 2791 plus
1287 2733 1409 2787 haut,
1433 2732 1609 2778 l'action
1631 2733 1849 2779 resultant
1866 2733 1972 2780 d'un
1990 2736 2086 2795 legs

1082 2799 1158 2844 fait
1181 2802 1206 2845 ὲ
1229 2799 1308 2844 des
1327 2799 1441 2845 lieux
1465 2799 1740 2845 vent-‘wables⁸

1152 2933 1256 2978 24.
1285 2930 1353 2975 On
1374 2930 1468 2988 agit
1490 2944 1547 2975 au
1579 2928 1725 2991 triple,
1754 2931 1931 2992 lorsque
1948 2933 1987 2981 le
2005 2935 2086 2981 de-

1083 2999 1297 3044 mandeur
1315 2999 1519 3055 exegere,
1538 2997 1650 3044 dans
1675 2997 1885 3058 l’exploit,
1911 3001 1950 3046 le
1967 3015 2088 3047 mon-

1085 3071 1181 3110 tant
1203 3065 1259 3110 de
1283 3077 1331 3108 sa
1347 3063 1580 3119 demande‚
1606 3070 1650 3110 et
1670 3079 1771 3122 que,
1800 3079 1882 3125 par
1904 3068 2030 3122 suite,
2048 3069 2088 3113 le

1083 3135 1243 3186 viator,
1273 3129 1563 3176 c’est-{i—dire
1594 3130 1866 3177 l'executeur
1885 3134 1963 3178 des
1984 3148 2090 3178 sen-

1086 3203 1262 3251 tences,
1290 3198 1426 3251 recoit
1464 3211 1524 3242 un
1561 3197 1719 3243 salaire
1753 3199 1853 3257 plus
1890 3200 2089 3244 conside-

1086 3264 1222 3310 rable.
1249 3262 1394 3316 Alors,
1422 3278 1478 3309 en
1502 3265 1618 3318 estet,
1644 3263 1682 3309 le
1700 3265 1972 3310 demandeur
1991 3266 2090 3323 paie

1086 3344 1142 3375 au
1166 3330 1408 3376 defendeur
1442 3330 1482 3376 le
1521 3330 1650 3389 triple
1675 3330 1734 3374 du
1759 3331 1984 3390 prejudice
2003 3346 2091 3390 que

1088 3397 1149 3442 lui
1173 3410 1305 3442 cause
1330 3409 1381 3441 ce
1406 3396 1585 3452 salaire3
1623 3398 1734 3441 mais
1758 3396 1870 3441 dans
1894 3394 1934 3442 le
1959 3398 2090 3456 triple

1088 3476 1136 3510 se
1160 3468 1314 3509 trouve
1330 3463 1548 3521 comprise
1572 3460 1935 3518 son‘indemnite.
1963 3463 2092 3510 Ainsi

164 3535 259 3584 tur,
287 3534 336 3574 ut
357 3528 409 3573 in·
427 3527 512 3601 hoe
533 3529 664 3587 triplo
686 3535 732 3575 et
761 3530 973 3589 simplum
994 3530 1039 3575 in
1089 3529 1146 3575 l’a
1172 3529 1306 3575 etabli
1341 3542 1430 3573 une
1466 3527 1754 3574 constitution
1776 3527 1948 3594 inseree
1981 3530 2096 3576 dans

1832 3700 1847 3720 Δ
