2300 3886
235 200 348 262 204
805 214 1122 255 ιΝ5ἰῚΤυΤΕ5
1162 215 1234 254 DE
1280 188 1584 258 ws'nmm.

231 338 386 379 autre
404 321 1004 390 cliose,uveclameme
1023 322 1240 377 faculte.
1264 321 1268 375 ἷ
1291 345 1403 379 rem
1446 323 1709 379 utendam
1744 345 1856 380 sive
1892 326 2182 382 fruendam

230 406 313 457 On
342 424 371 455 a
395 400 585 456 decide
609 421 716 476 que
742 421 804 454 ce
830 399 1016 454 n'etait
1043 422 1139 490 pas
1166 422 1238 454 un
1264 379 1268 473 ξ
1290 405 1579 477 acceperit.
1607 407 1668 456 Et
1695 401 1901 477 placuit
1927 425 2034 458 non
2062 426 2183 460 esse

234 479 443 554 louage,
477 480 613 532 mais
646 499 722 532 un
752 492 964 532 contiat
996 482 1268 553 patticu-
1265 480 1621 535 locationem
1654 494 1707 534 et
1740 479 2180 549 conductionem,

231 558 346 611 lier.
391 558 540 610 Ainsi
571 556 715 610 deux
748 558 970 621 voisinS,
1018 559 1110 632 qui
1149 569 1267 610 ont
1267 608 1268 611 ,
1265 555 1384 611 sed
1404 560 1691 633 piopiiuin
1715 569 1886 646 genus
1912 579 2031 613 esse
2053 581 2184 614 con-

230 635 447 689 chacun
508 656 584 688 un
642 634 821 700 boeul,
873 635 1269 688 conviennentt
1265 613 1269 681 l
1292 648 1532 690 tractus:
1560 636 1732 690 veluti
1762 638 1824 702 si,
1850 656 1976 690 cum
2011 657 2185 691 unum

230 733 305 788 qu
308 712 386 766 'ils
423 733 481 767 se
509 713 561 767 le
581 678 866 797 preteroiit
892 711 1241 766 alternative-
1265 725 1268 750 ¹
1290 712 1492 767 bovem
1508 735 1629 788 quis
1647 680 1874 768 haber’et
1898 729 1952 768 et
1973 716 2186 769 vicinus

228 805 382 844 ment
408 790 652 865 pendant
673 787 798 844 dix
781 810 1093 864 Jouispoui
1111 789 1268 843 faite
1291 789 1409 866 ejus
1430 812 1622 857 uuum,
1647 792 1948 867 placuerit
1938 806 2185 847 intereos

228 867 351 923 leui
371 889 628 942 ouvrage,
669 882 722 922 et
759 867 807 921 le
839 868 997 922 boeuf
1025 866 1092 921 de
1130 865 1269 920 lun
1266 882 1354 924 ut
1406 889 1504 945 pel
1556 869 1726 924 denos
1780 868 1895 923 dies
1950 872 2183 923 invicem

230 950 436 1001 vienta
463 949 611 1022 petii
652 945 781 1000 chez
820 944 1028 999 l'.autre
1073 943 1117 998 ll
1154 944 1203 998 n'
1209 965 1269 1020 Υ
1266 946 1460 1055 'laoxes
1487 947 1757 1001 commod
1749 960 1906 1001 irent
1948 962 2006 1000 ut
2044 968 2184 1021 opus

228 1045 362 1079 aura
392 1025 527 1078 daus
565 1044 626 1078 ce
662 1044 751 1077 cas
775 1024 1035 1076 niaction
1072 1024 1240 1089 locate,

229 1105 285 1156 ni
329 1105 508 1156 action
552 1103 805 1166 conductz,
853 1103 910 1154 ni
951 1103 1134 1155 action
1178 1101 1268 1155 de
1266 1104 1481 1204 periit,
1540 1123 1721 1178 neque
1783 1059 1946 1156 locati
2005 1123 2186 1178 neque

232 1180 571 1242 commodat
598 1167 1269 1255 puisquelecommodat·
1293 1179 1549 1234 conducti
1610 1200 1793 1256 neque
1851 1180 2186 1234 commodati

228 1257 313 1312 n'a
356 1261 509 1333 point
560 1261 644 1311 ete
694 1258 1119 1331 glatuit31mis
1173 1214 1558 1343 onlcompetit
1584 1262 1749 1322 actio,
1777 1259 1907 1334 quia
1931 1278 2040 1312 non
2083 1259 2187 1312 fuit

228 1338 379 1410 agita
427 1357 526 1411 pt'u
571 1356 678 1389 une
717 1337 900 1388 action
940 1339 1270 1411 pimoescm'pticss
1293 1338 1592 1410 gr·-1tuitum
1619 1334 2057 1403 commodatum,
2098 1357 2185 1390 ve-

229 1415 413 1468 verssbm
1266 1402 1418 1470 lium
1454 1416 1794 1490 piaescriptis
1825 1414 2002 1468 verbis
2029 1434 2186 1490 agen-

1291 1491 1426 1547 dum
1450 1508 1551 1547 est

306 1580 360 1625 3.
383 1574 460 1624 La
479 1583 642 1623 vente
662 1567 993 1643 etlelouage
1016 1582 1245 1622 onttant
1374 1582 1427 1628 3.
1497 1569 1648 1624 Adeo
1708 1582 1892 1624 auten}
1943 1567 2184 1646 aliquam

227 1647 296 1701 de
311 1649 638 1702 conformite
653 1660 807 1701 entre
822 1667 946 1710 eim,
964 1647 1242 1723 que,dans
1291 1648 1721 1704 familiaritatem
1745 1650 1889 1702 inter
1903 1667 1959 1702 se
1981 1646 2184 1701 habere

226 1726 503 1800 plusieurs
545 1745 658 1788 caS‚
705 1746 775 1778 ou
815 1723 983 1778 doute
1024 1723 1103 1778 s'il
1138 1747 1171 1800 y
1212 1746 1244 1778 a
1291 1728 1549 1783 videntur
1589 1727 1795 1800 emptio
1836 1739 1889 1779 et
1920 1724 2179 1790 venditio,

229 1804 710 1877 venteoulouaoe.
735 1801 1126 1857 T·elestlecis
1146 1747 1418 1863 desiitem
1463 1803 1660 1858 locatio
1705 1816 1758 1856 et
1802 1801 2098 1856 conductio
2126 1818 2186 1856 ut

228 1880 497 1957 heritages
518 1902 624 1957 que
646 1882 916 1935 certaines
941 1899 1269 1955 personnes·
1266 1866 1303 1923 l
1292 1885 1345 1937 in
1395 1880 1731 1960 quibusdam
1787 1883 1966 1934 causis
2011 1882 2184 1956 quaeri

229 1962 511 2015 recoivent
545 1980 686 2034 pour
723 1978 788 2012 en
822 1957 971 2033 jouit
996 1978 1027 2011 a
1057 1961 1244 2033 petpe-
1293 1961 1466 2016 soleat
1489 1973 1578 2013 uti
1585 1979 1676 2012 um
1699 1961 1904 2033 emptio
1928 1971 1982 2011 et
2002 1956 2183 2011 vendi

229 2041 387 2104 tuite,
416 2059 483 2091 eu
512 2058 573 2091 ce
601 2058 725 2092 sens
761 2057 886 2112 que,
914 2049 1032 2088 tant
1057 2056 1164 2110 que
1196 2035 1245 2089 la
1292 2042 1367 2093 tio
1389 2036 1762 2102 contrahatur,
1802 2057 1869 2089 an
1905 2035 2103 2089 locatio
2133 2049 2186 2089 et

229 2115 536 2170 redevance
560 2135 632 2168 ou
656 2115 705 2168 le
728 2134 935 2168 revenu
959 2132 1078 2167 sera
1101 2134 1242 2189 paye
1293 2116 1622 2171 conductio·
1650 2127 1712 2168 ut
1740 2133 1865 2168 ecce
1884 2113 1950 2168 de
1966 2112 2184 2188 praediis

230 2213 301 2247 au
369 2195 728 2269 proprietaire
753 2237 764 2257 ,
832 2191 1111 2265 l'heritage
1174 2211 1244 2245 ne
1292 2213 1418 2271 quae
1503 2207 1770 2270 perpetuo
1851 2191 2184 2269 quibusdam

229 2291 435 2346 pourra
462 2280 574 2325 etre
604 2274 763 2324 retire
803 2272 856 2323 ni
891 2290 963 2323 au
999 2289 1243 2344 preueur
1292 2271 1505 2327 fiuend
1498 2294 1527 2325 a
1564 2285 1613 2325 ti
1617 2271 1875 2336 a,duntui
1910 2269 1964 2323 id
1987 2283 2086 2333 est,
2122 2281 2180 2323 ut

230 2350 534 2415 lui-meme,
562 2351 616 2402 ui
639 2354 667 2402 a
693 2368 789 2402 son
807 2347 1240 2414 heritier,niaux
1292 2351 1559 2429 quamdiu
1603 2350 1792 2423 pensio
1830 2350 1942 2402 sive
1975 2312 2183 2401 reditus

228 2447 536 2501 personnes
561 2425 774 2501 aquile
794 2445 1119 2502 preneurou
1143 2446 1240 2479 son
1295 2450 1391 2504 pio
1446 2429 1530 2482 his
1587 2426 1812 2479 domiuo
1871 2437 2182 2498 praestetur,

229 2504 457 2559 heritier
501 2505 713 2559 l'aurait
762 2504 973 2568 vendu,
1020 2503 1240 2568 donne,
1292 2527 1473 2584 neque
1502 2507 1603 2581 ipsi
1636 2503 1962 2557 conductoli
2005 2521 2184 2576 neque

230 2586 500 2637 constitue
523 2604 590 2636 en
615 2582 729 2647 dot,
760 2603 832 2635 ou
856 2584 1113 2635 transmis
1144 2602 1244 2658 par
1292 2583 1482 2640 heredi
1509 2602 1649 2658 eJuS,
1691 2582 1848 2634 cuive
1878 2579 2184 2634 conductor

231 2674 351 2715 tout
377 2678 533 2715 autre
560 2660 723 2714 mode
752 2658 1121 2714 d'alienation.
1293 2663 1521 2718 heresve
1547 2681 1666 2736 ejus
1688 2658 1742 2712 id
1766 2657 2037 2748 prae-dium
2069 2677 2186 2711 v-en

1292 2741 1491 2796 diderit
1512 2753 1609 2792 aut
1627 2737 1807 2792 donav
1813 2757 1870 2790 ei
1874 2739 1915 2790 it
1932 2750 2028 2789 aut
2042 2733 2184 2788 dotis

1294 2823 1518 2872 nomine
1564 2816 1793 2880 dederit,
1840 2814 2016 2869 ⁸iliove
2056 2833 2185 2888 quo·

1293 2916 1405 2972 quo
1428 2893 1591 2949 modo
1609 2893 1949 2959 alienaverit,
1974 2890 2184 2945 auferre

1292 2974 1493 3028 liceat.-

304 3129 417 3175 Mais
439 3141 611 3174 comme
641 3127 704 3172 les
721 3127 904 3172 enciens
930 3126 1142 3172 n'etaient
1167 3139 1245 3185 pas
1358 3125 1484 3172 *Sed
1522 3126 1622 3171 tatis
1654 3127 1911 3171 contractus
1934 3120 2037 3179 quia
2067 3120 2185 3166 inter

231 3195 440 3244 d’accord
481 3208 558 3239 sur
594 3194 632 3238 la
670 3199 826 3238 nature
865 3193 920 3237 de
954 3206 1005 3238 ce
1037 3199 1241 3247 contrat,
1293 3198 1510 3238 *veteres
1534 3190 1838 3239 dubitabatur,
1867 3194 1912 3233 et
1943 3202 1965 3233 a
1991 3187 2187 3245 quibus-

230 3264 365 3324 qu’its
407 3261 689 3320 regardaient
712 3296 720 3314 ,
766 3259 828 3303 les
869 3272 953 3303 uns
989 3272 1162 3304 comme
1186 3273 1245 3303 un
1295 3265 1318 3289 ’κ
1336 3259 1437 3303 dam
1463 3258 1634 3309 locatio,
1664 3254 1971 3314 aquibusdam
1990 3255 2186 3299 venditio

232 3333 424 3388 louage,
469 3329 532 3375 les
561 3333 713 3371 autres
752 3338 924 3370 comme
967 3339 1053 3371 une
1092 3332 1242 3381 vente,
1293 3321 1694 3376 *existimabatun
1717 3323 1787 3368 lex
1821 3321 2072 3367 Zenoniana
2097 3321 2185 3366 lata

233 3413 322 3444 une
348 3398 402 3443 loi
429 3397 485 3442 de
516 3396 660 3440 Zenon
688 3406 711 3438 a
738 3392 816 3437 fait
841 3392 896 3437 de
922 3391 1248 3452 l'emphyteose
1294 3390 1320 3417 *
1338 3397 1420 3444 est,
1443 3404 1546 3450 quae
1565 3389 1910 3449 emphyteuseos
1927 3393 2185 3434 contractus

235 3480 293 3510 un
324 3469 500 3510 contrat
523 3459 792 3523 particulier.
813 3458 1249 3516 distinctdulouage
1294 3454 1320 3480 *
1341 3459 1562 3517 propriam
1589 3458 1747 3502 statuit
1782 3463 2011 3508 naturam,
2041 3467 2184 3512 neque

236 3545 407 3577 comme
449 3530 504 3577 de
544 3530 583 3575 la
623 3532 784 3584 vente,
820 3531 864 3571 et
894 3525 1003 3571 dont
1038 3524 1172 3573 l'effet
1201 3538 1250 3571 55
1296 3521 1319 3547 *
1338 3525 1392 3570 ad
1421 3525 1696 3580 locationem,
1719 3538 1861 3584 neque
1879 3523 1933 3568 ad
1958 3521 2180 3569 venditio-
