2300 3886
255 193 371 258 [180
835 210 1155 253 INSTITUTES
1198 211 1271 250 DE
1315 210 1621 252 JUSTINIEN.

257 318 443 371 cieuse
469 360 481 382 ,
522 319 553 369 ὸ
582 334 722 369 ceux
763 317 855 392 qui
898 330 1276 392 transportem
1327 316 1501 380 rendi,
1527 314 1612 370 vel
1642 316 1698 368 in
1720 333 1877 374 sacro
1901 312 2021 369 loco
2040 312 2212 368 aedifi-

259 416 334 448 un
359 409 504 449 mort
524 393 576 448 151
603 400 673 448 ou
697 392 762 448 ils
785 410 883 448 ont
909 393 958 449 16
986 395 1131 450 droit
1153 394 1276 449 d’in-
1327 397 1456 461 cari,
1474 394 1555 448 vel
1577 395 1629 447 in
1645 392 1877 447 flumine
1896 391 2121 467 publico
2147 394 2215 446 ri-

259 471 474 539 humer‚
497 471 837 527 soitdebutir
859 493 954 527 sur
977 494 1052 528 un
1075 475 1278 527 terrain
1328 493 1466 546 pave
1517 470 1636 545 ejus
1688 469 1897 546 aliquid
1935 469 2054 531 fieri
2106 489 2216 544 quo

260 552 433 613 sacre,
459 553 564 604 soit
590 550 657 604 de
676 551 809 604 faire
832 550 970 605 dans
996 573 1069 605 un
1094 550 1277 605 sseuve
1328 549 1485 625 pejus
1521 551 1828 624 navigetur.
1866 547 2219 602 Restitutoria

258 626 451 702 public
482 648 553 681 ou
586 648 681 682 sur
719 648 776 682 sa
815 631 929 682 rive
970 649 1154 683 aucun
1184 648 1279 681 ou-
1328 642 1474 690 sunt,
1513 627 1716 703 quibus
1760 627 1971 680 restitui
2009 622 2218 700 aliquid

258 724 427 779 vrage
466 705 705 760 nuisible
757 711 786 760 ὲ
843 706 896 760 lu
943 707 1274 779 navigation.
1323 704 1517 775 jubet:
1551 704 1714 759 veluti
1739 747 1751 770 ‚
1781 703 2055 758 bonorum
2087 720 2217 777 pos·

261 783 777 839 Sontrestitutoires
799 784 879 839 les
903 784 1156 838 interdits
1181 803 1282 858 par
1330 785 1531 837 sessori
1574 783 1981 857 possessionem
2027 798 2217 834 eorum

259 860 504 936 lesquels
545 861 596 916 le
641 865 866 937 preteur
921 862 1172 916 ordonne
1212 860 1281 915 de
1331 880 1456 936 quse
1478 862 1600 936 quis
1635 880 1735 934 pro
1769 859 1972 914 herede
1997 871 2094 913 aut
2119 877 2219 932 pro

259 942 518 994 restituet·
554 940 795 1016 quelque
837 939 1021 1006 chose,
1054 941 1162 994 soit
1185 957 1283 1013 pai·
1334 958 1649 1013 possessore
1670 938 1914 1011 possidet
1933 957 1999 991 ex
2024 956 2087 991 ea
2116 934 2218 988 he-

261 1016 514 1092 exemple
555 1018 623 1072 de
664 1021 922 1072 restituen-
951 1039 1023 1070 au
1062 1036 1280 1092 posses·
1305 1078 1312 1090 .
1333 1015 1576 1080 reditate,
1605 1030 1701 1070 aut
1724 1035 1848 1070 cum
1868 1014 2030 1087 jubet
2052 1015 2100 1068 ei
2125 1011 2219 1087 qui

260 1115 391 1149 seur
430 1094 498 1149 de
542 1094 695 1150 biens
738 1095 786 1148 la
832 1098 1142 1171 possession
1184 1094 1382 1174 des!vi
1422 1096 1769 1168 possessione
1791 1092 1947 1148 fundi
1974 1091 2221 1163 dejectus

262 1171 440 1247 objets
482 1172 842 1227 hereditaires
903 1174 1072 1249 qu'un
1124 1190 1281 1227 uutre
1306 1175 1311 1247 ζ
1332 1175 1436 1239 sit,
1507 1173 1717 1226 restitui
1791 1171 2218 1245 possessionem.

259 1250 492 1326 possede
507 1270 722 1304 comme
737 1251 961 1305 heritiei·
977 1272 1046 1304 ou
1063 1271 1282 1306 comme
1306 1264 1310 1309 ξ
1334 1245 2222 1324 Exhibitoriasuntperquaejubet

261 1347 586 1403 possesseui·
613 1372 625 1395 ‚
662 1331 765 1382 soit
821 1327 887 1383 de
934 1332 1189 1383 restituet·
1231 1329 1280 1382 la
1307 1312 1576 1402 'exhiberi
1607 1351 1616 1382 :
1642 1327 1807 1383 veluti
1833 1370 1845 1389 ‚
1882 1347 2033 1381 eum·
2060 1322 2218 1399 cujus

262 1408 584 1483 possession
611 1405 737 1460 d’uu
772 1407 936 1461 fonds
961 1412 991 1460 ἐι
1019 1406 1160 1462 celui
1186 1410 1278 1483 qui
1310 1404 1401 1460 ’(16
1430 1406 1675 1461 libertate
1697 1407 1901 1480 agitur,
1927 1417 2021 1458 aut
2061 1402 2222 1456 liber-

263 1505 333 1539 en
365 1506 396 1538 a
435 1487 519 1539 ete
563 1483 840 1560 depouille
879 1506 981 1561 pai·
1014 1485 1278 1539 violence.
1334 1499 1450 1539 tun]
1475 1487 1561 1539 cui
1582 1500 1847 1560 patronus
1871 1501 2070 1558 operas
2092 1478 2225 1534 indi-

264 1566 398 1618 Sout
447 1562 802 1617 exhibitoires
832 1605 842 1629 ,
891 1563 971 1617 les
1028 1563 1282 1618 interdits
1333 1584 1455 1621 cere.
1480 1563 1634 1629 veliti,
1659 1577 1752 1616 aut
1777 1562 1992 1638 parenti
2018 1558 2221 1618 liberos

265 1661 365 1715 par
401 1638 643 1716 lesqueis
669 1640 718 1694 le
748 1644 973 1715 preteur
1009 1641 1282 1707 orduone,
1334 1645 1778 1717 quiinpotestate
1794 1638 2224 1715 ejusssunt.Sunt

266 1721 373 1772 soit
396 1739 494 1793 pai·
513 1719 765 1794 exeinple
783 1717 1064 1774 d'exhiber
1090 1719 1143 1772 la
1168 1741 1281 1794 per-
1339 1735 1516 1774 tumen
1544 1722 1636 1796 qui
1675 1731 1874 1794 putant
1897 1717 2115 1792 proprie
2134 1716 2220 1768 in—

267 1817 439 1851 sonne
463 1794 592 1871 qu'il
615 1796 768 1871 s'agit
790 1797 857 1850 de
886 1799 1018 1850 [hire
1041 1797 1286 1850 declares·
1338 1797 1564 1851 terdicta
1591 1818 1654 1851 eu
1686 1797 1868 1850 vocari
1888 1813 2014 1870 quae
2037 1791 2224 1868 prohi-

268 1874 406 1928 libre
426 1918 437 1940 ‚
477 1872 786 1928 l'uffrunchi
812 1896 922 1951 que
954 1895 1054 1929 son
1087 1890 1283 1948 patron
1334 1874 1536 1929 bituria
1559 1887 1715 1936 sunt,
1742 1875 1869 1949 quia
1893 1871 2224 1931 interdicere

268 1967 399 2007 veut
434 1952 739 2006 astreindre
781 1961 810 2006 u
856 1952 1130 2028 quelques
1166 1973 1284 2006 ser-
1336 1968 1417 2007 est
1454 1952 1783 2007 denuntiare
1822 1968 1874 2003 et
1902 1947 2223 2023 prohibere3

271 2032 437 2094 vieeS,
483 2033 588 2084 soit
628 2029 911 2084 d'exhiber
937 2051 1005 2083 uu
1035 2034 1164 2104 pere
1208 2024 1670 2091 lesit-estitutoria
1711 2041 1896 2082 autem
1934 2041 1987 2082 et
2013 2024 2226 2080 exhibi-

268 2108 486 2161 enfants
513 2110 605 2184 qui
632 2121 758 2160 sont
783 2128 850 2161 66
887 2130 944 2162 su
969 2111 1280 2182 puissanee.
1336 2111 1472 2162 toi-ia
1507 2110 1729 2184 proprie
1754 2105 1971 2159 decreta
2000 2105 2181 2159 vocari
2210 2126 2222 2159 :

267 2185 556 2239 Toutefois
583 2229 594 2252 ,
636 2188 855 2239 suivant
880 2185 1151 2262 quelques
1181 2208 1282 2239 uu-
1334 2186 1430 2240 sed
1462 2202 1642 2240 tamen
1671 2184 1909 2240 obtinuit
1931 2183 2117 2236 omnia
2141 2182 2226 2234 in-

272 2278 440 2326 teurS,
463 2263 514 2316 la
542 2264 957 2318 denomination
978 2262 1284 2318 d'inteidits
1336 2265 1564 2345 tendicm
1591 2261 1882 2338 appellari,
1907 2261 2040 2337 quia
2082 2259 2227 2312 inter

268 2361 325 2395 se
351 2343 624 2407 restreilit,
650 2345 679 2394 ἐι
706 2341 1281 2417 proprementparler,
1335 2342 1474 2396 duos
1498 2343 1776 2396 dicuutur.

268 2438 377 2472 aux
403 2420 654 2473 interdits
684 2420 1088 2493 proi‘iibitoires,
1118 2441 1284 2494 parce

270 2518 376 2572 que
403 2497 666 2551 iuterdire
692 2499 902 2572 signifie
941 2498 1203 2552 deiendi³e
1231 2513 1284 2552 et

268 2574 559 2650 prohiber‚
590 2573 767 2629 tundis
796 2597 904 2652 que
933 2575 1007 2630 165
1034 2576 1280 2630 interdits

271 2655 638 2707 restitutoires
698 2675 767 2706 ou
827 2653 1184 2708 exliibitoires
1225 2675 1282 2708 se
1382 2694 1402 2718 2

270 2747 591 2799 nomment‚
621 2735 650 2785 ἒὶ
688 2746 1044 2808 proprement
1081 2733 1279 2807 parler,

272 2808 513 2876 decret83
568 2812 707 2863 inuis
758 2809 807 2864 lu
865 2811 1279 2864 denominatim:

269 2906 569 2940 commune
614 2887 919 2942 d'interdits
959 2909 990 2941 a
1033 2888 1279 2963 pre'vulu,

271 2983 437 3037 parce
461 2962 621 3040 qu'ils
641 2966 983 3021 sontrendus
1009 2969 1143 3020 inter
1158 2967 1284 3019 duos

274 3046 451 3110 (entre
473 3041 618 3095 deux
642 3047 882 3118 parties).
2007 3096 2013 3102 .

350 3128 403 3173 2.
430 3123 549 3174 Une
589 3135 744 3174 autre
790 3121 1025 3176 division
1067 3122 1164 3176 des
1204 3124 1283 3176 in·
1410 3130 1464 3175 2.
1491 3125 1737 3197 Sequens
1757 3121 1953 3175 divisio
1975 3119 2225 3174 interdic-

275 3196 466 3251 terdits
506 3196 783 3271 distingue
826 3219 965 3253 ceux
1019 3203 1115 3276 qui
1166 3201 1287 3254 font
1336 3215 1519 3253 torum
1561 3200 1682 3253 haec
1731 3213 1837 3262 est,
1887 3195 2038 3271 quod
2085 3216 2228 3272 quae-

271 3277 523 3352 aequeris
556 3274 607 3329 la
644 3279 978 3350 possession,
1018 3297 1153 3331 ceux
1192 3280 1283 3353 qui
1334 3275 2223 3350 damadipiscendaepossessionis

272 3353 323 3406 lu
351 3368 679 3408 conservent
716 3369 769 3407 et
802 3373 941 3407 ceux
972 3358 1065 3429 qui
1088 3353 1140 3409 16
1168 3356 1285 3407 sont
1334 3372 1499 3406 causa
1540 3367 1855 3428 comparata
1887 3366 2038 3419 sunt,
2065 3371 2223 3428 quae-

272 3451 585 3487 recouvrer.
1280 3450 1281 3456 ¹
1335 3430 1462 3483 dam
1490 3428 1814 3495 retinendae,
1855 3427 2108 3506 quaedam
2148 3447 2225 3483 re·

1335 3506 1684 3583 cuperaudae.
