<?xml version="1.0" encoding="UTF-8"?>
<!DOCTYPE html PUBLIC "-//W3C//DTD XHTML 1.0 Transitional//EN"
    "http://www.w3.org/TR/xhtml1/DTD/xhtml1-transitional.dtd">
<html xmlns="http://www.w3.org/1999/xhtml" xml:lang="en" lang="en">
 <head>
  <title>
</title>
<meta http-equiv="Content-Type" content="text/html;charset=utf-8" />
  <meta name='ocr-system' content='tesseract 3.04.00' />
  <meta name='ocr-capabilities' content='ocr_page ocr_carea ocr_par ocr_line ocrx_word'/>
</head>
<body>
  <div class='ocr_page' id='page_1' title='image "./institutesdejust02ducauoft/institutesdejust02ducauoft_0287.png"; bbox 0 0 2300 3886; ppageno 0'>
   <div class='ocr_carea' id='block_1_1' title="bbox 831 171 1420 240">
    <p class='ocr_par' dir='ltr' id='par_1_1' title="bbox 831 171 1420 240">
     <span class='ocr_line' id='line_1_1' title="bbox 831 171 1420 240; baseline 0.002 -11"><span class='ocrx_word' id='word_1_1' title='bbox 831 188 996 229; x_wconf 75' lang='lat' dir='ltr'>LIVRE</span> <span class='ocrx_word' id='word_1_2' title='bbox 1039 188 1097 227; x_wconf 89' lang='lat' dir='ltr'>1v</span> <span class='ocrx_word' id='word_1_3' title='bbox 1111 216 1125 240; x_wconf 86' lang='lat'>‚</span> <span class='ocrx_word' id='word_1_4' title='bbox 1176 171 1361 230; x_wconf 58' lang='lat' dir='ltr'>&#39;rrrssE&#39;</span> <span class='ocrx_word' id='word_1_5' title='bbox 1383 191 1420 230; x_wconf 91' lang='lat'>1.</span> 
     </span>
    </p>
   </div>
   <div class='ocr_carea' id='block_1_2' title="bbox 101 291 1052 3230">
    <p class='ocr_par' dir='ltr' id='par_1_2' title="bbox 101 291 1051 2903">
     <span class='ocr_line' id='line_1_2' title="bbox 157 291 1040 358; baseline -0.008 -7"><span class='ocrx_word' id='word_1_6' title='bbox 157 296 365 351; x_wconf 79' lang='lat' dir='ltr'>furtum</span> <span class='ocrx_word' id='word_1_7' title='bbox 389 294 605 358; x_wconf 83' lang='lat' dir='ltr'>dicitur,</span> <span class='ocrx_word' id='word_1_8' title='bbox 632 312 757 347; x_wconf 76' lang='lat' dir='ltr'>cuin</span> <span class='ocrx_word' id='word_1_9' title='bbox 777 311 863 347; x_wconf 75' lang='lat' dir='ltr'>res</span> <span class='ocrx_word' id='word_1_10' title='bbox 888 291 1040 345; x_wconf 81' lang='lat' dir='ltr'>furti-</span> 
     </span>
     <span class='ocr_line' id='line_1_3' title="bbox 161 369 1038 447; baseline -0.007 -20"><span class='ocrx_word' id='word_1_11' title='bbox 161 373 330 427; x_wconf 55' lang='lat' dir='ltr'>va‘ab</span> <span class='ocrx_word' id='word_1_12' title='bbox 369 371 551 447; x_wconf 80' lang='lat' dir='ltr'>aliquo</span> <span class='ocrx_word' id='word_1_13' title='bbox 592 370 688 424; x_wconf 84' lang='lat' dir='ltr'>tibi</span> <span class='ocrx_word' id='word_1_14' title='bbox 727 369 910 425; x_wconf 81' lang='lat' dir='ltr'>oblata</span> <span class='ocrx_word' id='word_1_15' title='bbox 955 371 1038 432; x_wconf 85' lang='lat' dir='ltr'>sit,</span> 
     </span>
     <span class='ocr_line' id='line_1_4' title="bbox 159 448 1038 526; baseline -0.007 -21"><span class='ocrx_word' id='word_1_16' title='bbox 159 471 333 526; x_wconf 76' lang='lat' dir='ltr'>eaque</span> <span class='ocrx_word' id='word_1_17' title='bbox 371 448 517 523; x_wconf 81' lang='lat' dir='ltr'>apud</span> <span class='ocrx_word' id='word_1_18' title='bbox 558 462 608 502; x_wconf 90' lang='lat' dir='ltr'>te</span> <span class='ocrx_word' id='word_1_19' title='bbox 647 459 914 519; x_wconf 83' lang='lat' dir='ltr'>concepta</span> <span class='ocrx_word' id='word_1_20' title='bbox 953 449 1038 510; x_wconf 91' lang='lat' dir='ltr'>sit,</span> 
     </span>
     <span class='ocr_line' id='line_1_5' title="bbox 160 523 1043 603; baseline -0.007 -21"><span class='ocrx_word' id='word_1_21' title='bbox 160 533 347 603; x_wconf 84' lang='lat' dir='ltr'>ntique</span> <span class='ocrx_word' id='word_1_22' title='bbox 387 531 428 581; x_wconf 88' lang='lat' dir='ltr'>si</span> <span class='ocrx_word' id='word_1_23' title='bbox 461 547 523 582; x_wconf 81' lang='lat' dir='ltr'>ea</span> <span class='ocrx_word' id='word_1_24' title='bbox 550 539 735 580; x_wconf 80' lang='lat' dir='ltr'>mente</span> <span class='ocrx_word' id='word_1_25' title='bbox 757 524 874 594; x_wconf 63' lang='lat' dir='ltr'>⁴tibi</span> <span class='ocrx_word' id='word_1_26' title='bbox 915 523 1043 577; x_wconf 84' lang='lat' dir='ltr'>data</span> 
     </span>
     <span class='ocr_line' id='line_1_6' title="bbox 160 602 1041 677; baseline -0.006 -17"><span class='ocrx_word' id='word_1_27' title='bbox 160 607 339 666; x_wconf 83' lang='lat' dir='ltr'>fuerit,</span> <span class='ocrx_word' id='word_1_28' title='bbox 359 620 417 659; x_wconf 88' lang='lat' dir='ltr'>ut</span> <span class='ocrx_word' id='word_1_29' title='bbox 430 602 578 677; x_wconf 83' lang='lat' dir='ltr'>apud</span> <span class='ocrx_word' id='word_1_30' title='bbox 597 617 648 655; x_wconf 84' lang='lat' dir='ltr'>te</span> <span class='ocrx_word' id='word_1_31' title='bbox 668 603 850 674; x_wconf 84' lang='lat' dir='ltr'>potius</span> <span class='ocrx_word' id='word_1_32' title='bbox 873 621 1041 677; x_wconf 79' lang='lat' dir='ltr'>quam</span> 
     </span>
     <span class='ocr_line' id='line_1_7' title="bbox 159 677 1042 756; baseline -0.007 -19"><span class='ocrx_word' id='word_1_33' title='bbox 159 683 308 756; x_wconf 81' lang='lat' dir='ltr'>apud</span> <span class='ocrx_word' id='word_1_34' title='bbox 331 701 457 737; x_wconf 85' lang='lat' dir='ltr'>eum</span> <span class='ocrx_word' id='word_1_35' title='bbox 480 681 572 756; x_wconf 87' lang='lat' dir='ltr'>qui</span> <span class='ocrx_word' id='word_1_36' title='bbox 598 677 766 744; x_wconf 84' lang='lat' dir='ltr'><strong>dedit,</strong></span> <span class='ocrx_word' id='word_1_37' title='bbox 795 680 1042 754; x_wconf 84' lang='lat' dir='ltr'>concipe-</span> 
     </span>
     <span class='ocr_line' id='line_1_8' title="bbox 161 755 1041 831; baseline -0.005 -17"><span class='ocrx_word' id='word_1_38' title='bbox 161 774 338 828; x_wconf 82' lang='lat' dir='ltr'>retur3</span> <span class='ocrx_word' id='word_1_39' title='bbox 380 778 507 812; x_wconf 85' lang='lat' dir='ltr'>nam</span> <span class='ocrx_word' id='word_1_40' title='bbox 547 755 640 811; x_wconf 82' lang='lat' dir='ltr'>tibi</span> <span class='ocrx_word' id='word_1_41' title='bbox 682 755 831 830; x_wconf 77' lang='lat' dir='ltr'>apud</span> <span class='ocrx_word' id='word_1_42' title='bbox 875 776 1041 831; x_wconf 87' lang='lat' dir='ltr'>quem</span> 
     </span>
     <span class='ocr_line' id='line_1_9' title="bbox 160 832 1042 911; baseline -0.002 -20"><span class='ocrx_word' id='word_1_43' title='bbox 160 839 424 911; x_wconf 82' lang='lat' dir='ltr'>concepta</span> <span class='ocrx_word' id='word_1_44' title='bbox 439 838 527 898; x_wconf 90' lang='lat' dir='ltr'>sit,</span> <span class='ocrx_word' id='word_1_45' title='bbox 539 837 764 909; x_wconf 81' lang='lat' dir='ltr'>propria</span> <span class='ocrx_word' id='word_1_46' title='bbox 777 832 1042 888; x_wconf 77' lang='lat' dir='ltr'>adversus</span> 
     </span>
     <span class='ocr_line' id='line_1_10' title="bbox 155 912 1043 988; baseline 0.001 -24"><span class='ocrx_word' id='word_1_47' title='bbox 155 933 286 968; x_wconf 71' lang='lat' dir='ltr'>‚eum</span> <span class='ocrx_word' id='word_1_48' title='bbox 306 917 402 988; x_wconf 81' lang='lat' dir='ltr'>qui</span> <span class='ocrx_word' id='word_1_49' title='bbox 421 912 637 977; x_wconf 89' lang='lat' dir='ltr'>obtulit,</span> <span class='ocrx_word' id='word_1_50' title='bbox 680 914 929 987; x_wconf 73' lang='lat' dir='ltr'>quamvis</span> <span class='ocrx_word' id='word_1_51' title='bbox 955 913 1043 966; x_wconf 86' lang='lat' dir='ltr'>fur</span> 
     </span>
     <span class='ocr_line' id='line_1_11' title="bbox 113 1003 1043 1054; baseline -0.001 -9"><span class='ocrx_word' id='word_1_52' title='bbox 113 1047 119 1053; x_wconf 78' lang='grc'><em>,</em></span> <span class='ocrx_word' id='word_1_53' title='bbox 157 1011 265 1045; x_wconf 87' lang='lat' dir='ltr'>non</span> <span class='ocrx_word' id='word_1_54' title='bbox 308 1008 407 1054; x_wconf 81' lang='lat' dir='ltr'>sit,</span> <span class='ocrx_word' id='word_1_55' title='bbox 448 1003 746 1043; x_wconf 80' lang='lat' dir='ltr'>constituta</span> <span class='ocrx_word' id='word_1_56' title='bbox 782 1003 866 1043; x_wconf 90' lang='lat' dir='ltr'>est</span> <span class='ocrx_word' id='word_1_57' title='bbox 903 1003 1043 1044; x_wconf 79' lang='lat' dir='ltr'>actio</span> 
     </span>
     <span class='ocr_line' id='line_1_12' title="bbox 157 1066 1045 1144; baseline 0 -22"><span class='ocrx_word' id='word_1_58' title='bbox 157 1088 281 1144; x_wconf 87' lang='lat' dir='ltr'>quae</span> <span class='ocrx_word' id='word_1_59' title='bbox 338 1066 651 1142; x_wconf 83' lang='lat' dir='ltr'>appellatur</span> <span class='ocrx_word' id='word_1_60' title='bbox 707 1066 891 1121; x_wconf 84' lang='lat' dir='ltr'>oblati.</span> <span class='ocrx_word' id='word_1_61' title='bbox 949 1073 1045 1122; x_wconf 87' lang='lat' dir='ltr'>Est</span> 
     </span>
     <span class='ocr_line' id='line_1_13' title="bbox 158 1144 1040 1221; baseline -0.001 -22"><span class='ocrx_word' id='word_1_62' title='bbox 158 1148 321 1199; x_wconf 79' lang='lat' dir='ltr'>etiam</span> <span class='ocrx_word' id='word_1_63' title='bbox 346 1145 602 1221; x_wconf 81' lang='lat' dir='ltr'>prohibiti</span> <span class='ocrx_word' id='word_1_64' title='bbox 630 1144 760 1198; x_wconf 83' lang='lat' dir='ltr'>furti</span> <span class='ocrx_word' id='word_1_65' title='bbox 788 1146 929 1199; x_wconf 79' lang='lat' dir='ltr'>actio</span> <span class='ocrx_word' id='word_1_66' title='bbox 951 1146 1040 1199; x_wconf 80' lang='lat' dir='ltr'>ad-</span> 
     </span>
     <span class='ocr_line' id='line_1_14' title="bbox 101 1223 1040 1298; baseline 0.002 -23"><span class='ocrx_word' id='word_1_67' title='bbox 101 1246 108 1264; x_wconf 82' lang='lat'><strong>·</strong></span> <span class='ocrx_word' id='word_1_68' title='bbox 159 1243 350 1277; x_wconf 84' lang='lat' dir='ltr'>versus</span> <span class='ocrx_word' id='word_1_69' title='bbox 386 1243 513 1276; x_wconf 86' lang='lat' dir='ltr'>eum</span> <span class='ocrx_word' id='word_1_70' title='bbox 538 1223 860 1298; x_wconf 84' lang='lat' dir='ltr'>quifurtum</span> <span class='ocrx_word' id='word_1_71' title='bbox 889 1243 1040 1298; x_wconf 76' lang='lat' dir='ltr'>quee-</span> 
     </span>
     <span class='ocr_line' id='line_1_15' title="bbox 157 1299 1045 1374; baseline 0 -20"><span class='ocrx_word' id='word_1_72' title='bbox 157 1321 279 1354; x_wconf 77' lang='lat' dir='ltr'>rere</span> <span class='ocrx_word' id='word_1_73' title='bbox 309 1300 537 1354; x_wconf 85' lang='lat' dir='ltr'>testibus</span> <span class='ocrx_word' id='word_1_74' title='bbox 562 1299 925 1374; x_wconf 67' lang='lat' dir='ltr'>praesentibus</span> <span class='ocrx_word' id='word_1_75' title='bbox 956 1321 1045 1354; x_wconf 87' lang='lat' dir='ltr'>vo-</span> 
     </span>
     <span class='ocr_line' id='line_1_16' title="bbox 155 1377 1044 1452; baseline 0 -21"><span class='ocrx_word' id='word_1_76' title='bbox 155 1377 365 1432; x_wconf 83' lang='lat' dir='ltr'>lentem</span> <span class='ocrx_word' id='word_1_77' title='bbox 393 1377 752 1452; x_wconf 77' lang='lat' dir='ltr'>prohibuerit.</span> <span class='ocrx_word' id='word_1_78' title='bbox 778 1381 1044 1432; x_wconf 73' lang='lat' dir='ltr'>Praeterea</span> 
     </span>
     <span class='ocr_line' id='line_1_17' title="bbox 160 1454 1047 1530; baseline 0.003 -23"><span class='ocrx_word' id='word_1_79' title='bbox 160 1475 319 1528; x_wconf 83' lang='lat' dir='ltr'>poena</span> <span class='ocrx_word' id='word_1_80' title='bbox 343 1457 695 1509; x_wconf 77' lang='lat' dir='ltr'>constituitur</span> <span class='ocrx_word' id='word_1_81' title='bbox 713 1454 891 1509; x_wconf 88' lang='lat' dir='ltr'>edicto</span> <span class='ocrx_word' id='word_1_82' title='bbox 910 1475 1047 1530; x_wconf 82' lang='lat' dir='ltr'>prae-</span> 
     </span>
     <span class='ocr_line' id='line_1_18' title="bbox 161 1533 1043 1607; baseline 0 -21"><span class='ocrx_word' id='word_1_83' title='bbox 161 1535 295 1587; x_wconf 85' lang='lat' dir='ltr'>toris</span> <span class='ocrx_word' id='word_1_84' title='bbox 323 1553 422 1607; x_wconf 88' lang='lat' dir='ltr'>per</span> <span class='ocrx_word' id='word_1_85' title='bbox 462 1535 731 1586; x_wconf 79' lang='lat' dir='ltr'>actionem</span> <span class='ocrx_word' id='word_1_86' title='bbox 770 1533 899 1586; x_wconf 86' lang='lat' dir='ltr'>furti</span> <span class='ocrx_word' id='word_1_87' title='bbox 935 1553 1043 1587; x_wconf 84' lang='lat' dir='ltr'>non</span> 
     </span>
     <span class='ocr_line' id='line_1_19' title="bbox 161 1609 1043 1685; baseline 0 -22"><span class='ocrx_word' id='word_1_88' title='bbox 161 1609 389 1664; x_wconf 84' lang='lat' dir='ltr'>exhibiti</span> <span class='ocrx_word' id='word_1_89' title='bbox 412 1655 424 1674; x_wconf 89' lang='lat'>‚</span> <span class='ocrx_word' id='word_1_90' title='bbox 471 1610 733 1664; x_wconf 84' lang='lat' dir='ltr'>adversus</span> <span class='ocrx_word' id='word_1_91' title='bbox 778 1630 904 1663; x_wconf 89' lang='lat' dir='ltr'>eum</span> <span class='ocrx_word' id='word_1_92' title='bbox 951 1613 1043 1685; x_wconf 90' lang='lat' dir='ltr'>qui</span> 
     </span>
     <span class='ocr_line' id='line_1_20' title="bbox 161 1687 1046 1763; baseline 0 -23"><span class='ocrx_word' id='word_1_93' title='bbox 161 1687 418 1740; x_wconf 79' lang='lat' dir='ltr'>furtivam</span> <span class='ocrx_word' id='word_1_94' title='bbox 440 1707 553 1740; x_wconf 87' lang='lat' dir='ltr'>rem</span> <span class='ocrx_word' id='word_1_95' title='bbox 581 1687 729 1760; x_wconf 80' lang='lat' dir='ltr'>apud</span> <span class='ocrx_word' id='word_1_96' title='bbox 755 1707 813 1740; x_wconf 89' lang='lat' dir='ltr'>se</span> <span class='ocrx_word' id='word_1_97' title='bbox 840 1690 1046 1763; x_wconf 83' lang='lat' dir='ltr'>quaesi-</span> 
     </span>
     <span class='ocr_line' id='line_1_21' title="bbox 148 1764 1042 1819; baseline -0.001 0"><span class='ocrx_word' id='word_1_98' title='bbox 148 1778 271 1819; x_wconf 77' lang='lat' dir='ltr'>-tam</span> <span class='ocrx_word' id='word_1_99' title='bbox 292 1778 345 1817; x_wconf 90' lang='lat' dir='ltr'>et</span> <span class='ocrx_word' id='word_1_100' title='bbox 360 1766 637 1817; x_wconf 84' lang='lat' dir='ltr'>inventam</span> <span class='ocrx_word' id='word_1_101' title='bbox 656 1785 764 1819; x_wconf 90' lang='lat' dir='ltr'>non</span> <span class='ocrx_word' id='word_1_102' title='bbox 779 1764 1042 1819; x_wconf 83' lang='lat' dir='ltr'>exhibuit.</span> 
     </span>
     <span class='ocr_line' id='line_1_22' title="bbox 149 1838 1045 1907; baseline 0.003 -15"><span class='ocrx_word' id='word_1_103' title='bbox 149 1838 265 1898; x_wconf 70' lang='lat' dir='ltr'>Sed</span> <span class='ocrx_word' id='word_1_104' title='bbox 293 1841 378 1896; x_wconf 76' lang='lat' dir='ltr'>hes·</span> <span class='ocrx_word' id='word_1_105' title='bbox 403 1844 666 1904; x_wconf 77' lang='lat' dir='ltr'>actioneS,</span> <span class='ocrx_word' id='word_1_106' title='bbox 705 1842 761 1896; x_wconf 90' lang='lat' dir='ltr'>id</span> <span class='ocrx_word' id='word_1_107' title='bbox 786 1855 887 1907; x_wconf 89' lang='lat' dir='ltr'>est,</span> <span class='ocrx_word' id='word_1_108' title='bbox 915 1863 1045 1896; x_wconf 92' lang='lat' dir='ltr'>con-</span> 
     </span>
     <span class='ocr_line' id='line_1_23' title="bbox 161 1918 1048 1994; baseline -0.001 -21"><span class='ocrx_word' id='word_1_109' title='bbox 161 1921 306 1994; x_wconf 86' lang='lat' dir='ltr'>cepti</span> <span class='ocrx_word' id='word_1_110' title='bbox 341 1933 396 1972; x_wconf 89' lang='lat' dir='ltr'>et</span> <span class='ocrx_word' id='word_1_111' title='bbox 433 1918 602 1973; x_wconf 76' lang='lat' dir='ltr'>oblati</span> <span class='ocrx_word' id='word_1_112' title='bbox 631 1934 685 1972; x_wconf 86' lang='lat' dir='ltr'>et</span> <span class='ocrx_word' id='word_1_113' title='bbox 709 1920 839 1972; x_wconf 84' lang='lat' dir='ltr'>furti</span> <span class='ocrx_word' id='word_1_114' title='bbox 867 1919 1048 1991; x_wconf 88' lang='lat' dir='ltr'>prohi-</span> 
     </span>
     <span class='ocr_line' id='line_1_24' title="bbox 144 1996 1044 2063; baseline -0.001 -13"><span class='ocrx_word' id='word_1_115' title='bbox 144 1996 255 2052; x_wconf 83' lang='lat' dir='ltr'>=biti</span> <span class='ocrx_word' id='word_1_116' title='bbox 279 2016 377 2051; x_wconf 87' lang='lat' dir='ltr'>nec</span> <span class='ocrx_word' id='word_1_117' title='bbox 393 2017 502 2050; x_wconf 88' lang='lat' dir='ltr'>non</span> <span class='ocrx_word' id='word_1_118' title='bbox 519 1997 647 2050; x_wconf 82' lang='lat' dir='ltr'>furti</span> <span class='ocrx_word' id='word_1_119' title='bbox 666 2017 776 2050; x_wconf 89' lang='lat' dir='ltr'>non</span> <span class='ocrx_word' id='word_1_120' title='bbox 799 1996 1044 2063; x_wconf 83' lang='lat' dir='ltr'>exhibiti,</span> 
     </span>
     <span class='ocr_line' id='line_1_25' title="bbox 159 2073 1042 2129; baseline 0.002 -2"><span class='ocrx_word' id='word_1_121' title='bbox 159 2076 216 2127; x_wconf 84' lang='lat' dir='ltr'>in</span> <span class='ocrx_word' id='word_1_122' title='bbox 265 2073 684 2128; x_wconf 84' lang='lat' dir='ltr'>desuetudinem</span> <span class='ocrx_word' id='word_1_123' title='bbox 737 2074 994 2128; x_wconf 81' lang='lat' dir='ltr'>abierunt</span> <span class='ocrx_word' id='word_1_124' title='bbox 1033 2099 1042 2129; x_wconf 92' lang='lat'><strong>:</strong></span> 
     </span>
     <span class='ocr_line' id='line_1_26' title="bbox 161 2152 1045 2228; baseline 0 -24"><span class='ocrx_word' id='word_1_125' title='bbox 161 2171 288 2205; x_wconf 87' lang='lat' dir='ltr'>cum</span> <span class='ocrx_word' id='word_1_126' title='bbox 313 2154 459 2205; x_wconf 88' lang='lat' dir='ltr'>enim</span> <span class='ocrx_word' id='word_1_127' title='bbox 482 2154 761 2228; x_wconf 78' lang='lat' dir='ltr'>requisitio</span> <span class='ocrx_word' id='word_1_128' title='bbox 784 2154 863 2206; x_wconf 86' lang='lat' dir='ltr'>rei</span> <span class='ocrx_word' id='word_1_129' title='bbox 888 2152 1045 2204; x_wconf 84' lang='lat' dir='ltr'>furti-</span> 
     </span>
     <span class='ocr_line' id='line_1_27' title="bbox 163 2228 1046 2283; baseline 0 -1"><span class='ocrx_word' id='word_1_130' title='bbox 163 2248 245 2282; x_wconf 85' lang='lat' dir='ltr'>vae</span> <span class='ocrx_word' id='word_1_131' title='bbox 271 2228 432 2282; x_wconf 88' lang='lat' dir='ltr'>hodie</span> <span class='ocrx_word' id='word_1_132' title='bbox 463 2228 766 2283; x_wconf 84' lang='lat' dir='ltr'>secundum</span> <span class='ocrx_word' id='word_1_133' title='bbox 805 2244 1046 2283; x_wconf 82' lang='lat' dir='ltr'>veterem</span> 
     </span>
     <span class='ocr_line' id='line_1_28' title="bbox 161 2306 1046 2369; baseline 0 -9"><span class='ocrx_word' id='word_1_134' title='bbox 161 2306 602 2361; x_wconf 82' lang='lat' dir='ltr'>observationem</span> <span class='ocrx_word' id='word_1_135' title='bbox 625 2327 737 2360; x_wconf 91' lang='lat' dir='ltr'>non</span> <span class='ocrx_word' id='word_1_136' title='bbox 756 2307 832 2369; x_wconf 86' lang='lat' dir='ltr'>fit,</span> <span class='ocrx_word' id='word_1_137' title='bbox 850 2309 1046 2361; x_wconf 88' lang='lat' dir='ltr'>merito</span> 
     </span>
     <span class='ocr_line' id='line_1_29' title="bbox 161 2385 1048 2460; baseline 0 -22"><span class='ocrx_word' id='word_1_138' title='bbox 161 2404 225 2438; x_wconf 90' lang='lat' dir='ltr'>ex</span> <span class='ocrx_word' id='word_1_139' title='bbox 252 2387 646 2460; x_wconf 77' lang='lat' dir='ltr'>consequentia</span> <span class='ocrx_word' id='word_1_140' title='bbox 674 2387 837 2438; x_wconf 80' lang='lat' dir='ltr'>etiam</span> <span class='ocrx_word' id='word_1_141' title='bbox 862 2385 1048 2459; x_wconf 71' lang='lat' dir='ltr'>praefa-</span> 
     </span>
     <span class='ocr_line' id='line_1_30' title="bbox 162 2463 1049 2516; baseline 0 -2"><span class='ocrx_word' id='word_1_142' title='bbox 162 2475 232 2515; x_wconf 76' lang='lat' dir='ltr'>toe</span> <span class='ocrx_word' id='word_1_143' title='bbox 253 2465 497 2516; x_wconf 80' lang='lat' dir='ltr'>actiones</span> <span class='ocrx_word' id='word_1_144' title='bbox 533 2463 603 2516; x_wconf 79' lang='lat' dir='ltr'>ab</span> <span class='ocrx_word' id='word_1_145' title='bbox 637 2482 739 2516; x_wconf 89' lang='lat' dir='ltr'>usu</span> <span class='ocrx_word' id='word_1_146' title='bbox 765 2463 1049 2516; x_wconf 85' lang='lat' dir='ltr'>communi</span> 
     </span>
     <span class='ocr_line' id='line_1_31' title="bbox 162 2539 1050 2604; baseline -0.001 -11"><span class='ocrx_word' id='word_1_147' title='bbox 162 2553 509 2593; x_wconf 84' lang='lat' dir='ltr'>recesserunt</span> <span class='ocrx_word' id='word_1_148' title='bbox 529 2563 541 2604; x_wconf 71' lang='grc' dir='ltr'><strong>ς</strong></span> <span class='ocrx_word' id='word_1_149' title='bbox 565 2559 691 2593; x_wconf 86' lang='lat' dir='ltr'>cum</span> <span class='ocrx_word' id='word_1_150' title='bbox 718 2539 1050 2593; x_wconf 76' lang='lat' dir='ltr'>manifestis-</span> 
     </span>
     <span class='ocr_line' id='line_1_32' title="bbox 160 2616 1050 2691; baseline -0.002 -22"><span class='ocrx_word' id='word_1_151' title='bbox 160 2619 366 2670; x_wconf 87' lang='lat' dir='ltr'>simum</span> <span class='ocrx_word' id='word_1_152' title='bbox 405 2633 500 2681; x_wconf 88' lang='lat' dir='ltr'>est,</span> <span class='ocrx_word' id='word_1_153' title='bbox 541 2616 691 2691; x_wconf 87' lang='lat' dir='ltr'>quod</span> <span class='ocrx_word' id='word_1_154' title='bbox 734 2636 930 2670; x_wconf 87' lang='lat' dir='ltr'>omnes</span> <span class='ocrx_word' id='word_1_155' title='bbox 955 2617 1050 2690; x_wconf 90' lang='lat' dir='ltr'>qui</span> 
     </span>
     <span class='ocr_line' id='line_1_33' title="bbox 162 2694 1051 2748; baseline 0 -1"><span class='ocrx_word' id='word_1_156' title='bbox 162 2696 397 2747; x_wconf 87' lang='lat' dir='ltr'>scientes</span> <span class='ocrx_word' id='word_1_157' title='bbox 433 2714 551 2747; x_wconf 86' lang='lat' dir='ltr'>rem</span> <span class='ocrx_word' id='word_1_158' title='bbox 584 2694 842 2748; x_wconf 80' lang='lat' dir='ltr'>furtivam</span> <span class='ocrx_word' id='word_1_159' title='bbox 867 2713 1051 2748; x_wconf 91' lang='lat' dir='ltr'>susce-</span> 
     </span>
     <span class='ocr_line' id='line_1_34' title="bbox 165 2770 1050 2844; baseline 0.003 -22"><span class='ocrx_word' id='word_1_160' title='bbox 165 2772 347 2842; x_wconf 89' lang='lat' dir='ltr'>perint</span> <span class='ocrx_word' id='word_1_161' title='bbox 371 2785 423 2824; x_wconf 90' lang='lat' dir='ltr'>et</span> <span class='ocrx_word' id='word_1_162' title='bbox 444 2770 759 2833; x_wconf 77' lang='lat' dir='ltr'>celaverint,</span> <span class='ocrx_word' id='word_1_163' title='bbox 787 2770 918 2824; x_wconf 88' lang='lat' dir='ltr'>furti</span> <span class='ocrx_word' id='word_1_164' title='bbox 947 2791 1050 2844; x_wconf 80' lang='lat' dir='ltr'>nec</span> 
     </span>
     <span class='ocr_line' id='line_1_35' title="bbox 166 2847 853 2903; baseline 0.004 -4"><span class='ocrx_word' id='word_1_165' title='bbox 166 2847 438 2901; x_wconf 84' lang='lat' dir='ltr'>manifesti</span> <span class='ocrx_word' id='word_1_166' title='bbox 459 2847 679 2901; x_wconf 88' lang='lat' dir='ltr'>obnoxii</span> <span class='ocrx_word' id='word_1_167' title='bbox 706 2861 853 2903; x_wconf 87' lang='lat' dir='ltr'>sunt.</span> 
     </span>
    </p>

    <p class='ocr_par' dir='ltr' id='par_1_3' title="bbox 164 2924 1052 3230">
     <span class='ocr_line' id='line_1_36' title="bbox 244 2924 1048 2990; baseline 0.001 -12"><span class='ocrx_word' id='word_1_168' title='bbox 244 2934 295 2978; x_wconf 89' lang='grc'>5.</span> <span class='ocrx_word' id='word_1_169' title='bbox 347 2929 510 2978; x_wconf 81' lang='lat' dir='ltr'>Poena</span> <span class='ocrx_word' id='word_1_170' title='bbox 564 2925 839 2979; x_wconf 75' lang='lat' dir='ltr'>manifesti</span> <span class='ocrx_word' id='word_1_171' title='bbox 886 2924 1048 2990; x_wconf 77' lang='lat' dir='ltr'>furti,</span> 
     </span>
     <span class='ocr_line' id='line_1_37' title="bbox 165 2999 1051 3076; baseline 0.005 -23"><span class='ocrx_word' id='word_1_172' title='bbox 165 2999 462 3076; x_wconf 82' lang='lat' dir='ltr'>quadrupli</span> <span class='ocrx_word' id='word_1_173' title='bbox 501 3016 602 3067; x_wconf 86' lang='lat' dir='ltr'>est,</span> <span class='ocrx_word' id='word_1_174' title='bbox 641 3016 754 3055; x_wconf 78' lang='lat' dir='ltr'>tam</span> <span class='ocrx_word' id='word_1_175' title='bbox 794 3022 862 3056; x_wconf 84' lang='lat' dir='ltr'>ex</span> <span class='ocrx_word' id='word_1_176' title='bbox 909 3006 1051 3057; x_wconf 89' lang='lat' dir='ltr'>servi</span> 
     </span>
     <span class='ocr_line' id='line_1_38' title="bbox 164 3078 1052 3155; baseline 0.002 -24"><span class='ocrx_word' id='word_1_177' title='bbox 164 3098 335 3153; x_wconf 79' lang='lat' dir='ltr'>quam</span> <span class='ocrx_word' id='word_1_178' title='bbox 360 3099 424 3132; x_wconf 81' lang='lat' dir='ltr'>ex</span> <span class='ocrx_word' id='word_1_179' title='bbox 465 3078 619 3132; x_wconf 87' lang='lat' dir='ltr'>liberi</span> <span class='ocrx_word' id='word_1_180' title='bbox 647 3098 906 3155; x_wconf 82' lang='lat' dir='ltr'>persona;</span> <span class='ocrx_word' id='word_1_181' title='bbox 951 3100 1052 3134; x_wconf 90' lang='lat' dir='ltr'>nec</span> 
     </span>
     <span class='ocr_line' id='line_1_39' title="bbox 167 3155 663 3230; baseline 0 -21"><span class='ocrx_word' id='word_1_182' title='bbox 167 3155 463 3222; x_wconf 79' lang='lat' dir='ltr'>manifesti,</span> <span class='ocrx_word' id='word_1_183' title='bbox 490 3156 663 3230; x_wconf 86' lang='lat' dir='ltr'>dupli.</span> 
     </span>
    </p>
   </div>
   <div class='ocr_carea' id='block_1_3' title="bbox 141 3311 1051 3534">
    <p class='ocr_par' dir='ltr' id='par_1_4' title="bbox 141 3311 1051 3534">
     <span class='ocr_line' id='line_1_40' title="bbox 245 3311 1050 3373; baseline 0.004 -10"><span class='ocrx_word' id='word_1_184' title='bbox 245 3320 299 3363; x_wconf 85' lang='grc'>6.</span> <span class='ocrx_word' id='word_1_185' title='bbox 343 3314 575 3364; x_wconf 85' lang='lat' dir='ltr'>Furtum</span> <span class='ocrx_word' id='word_1_186' title='bbox 611 3327 793 3365; x_wconf 83' lang='lat' dir='ltr'>autem</span> <span class='ocrx_word' id='word_1_187' title='bbox 819 3311 899 3373; x_wconf 85' lang='lat' dir='ltr'>fit,</span> <span class='ocrx_word' id='word_1_188' title='bbox 941 3333 1050 3366; x_wconf 89' lang='lat' dir='ltr'>non</span> 
     </span>
     <span class='ocr_line' id='line_1_41' title="bbox 141 3385 1050 3464; baseline 0.006 -26"><span class='ocrx_word' id='word_1_189' title='bbox 141 3427 143 3429; x_wconf 74' lang='lat'>.</span> <span class='ocrx_word' id='word_1_190' title='bbox 170 3385 350 3439; x_wconf 87' lang='lat' dir='ltr'>solum</span> <span class='ocrx_word' id='word_1_191' title='bbox 372 3407 496 3441; x_wconf 90' lang='lat' dir='ltr'>cum</span> <span class='ocrx_word' id='word_1_192' title='bbox 521 3391 642 3464; x_wconf 84' lang='lat' dir='ltr'>quis</span> <span class='ocrx_word' id='word_1_193' title='bbox 673 3389 1050 3464; x_wconf 79' lang='lat' dir='ltr'>intercipiendi</span> 
     </span>
     <span class='ocr_line' id='line_1_42' title="bbox 170 3464 1051 3534; baseline 0.007 -19"><span class='ocrx_word' id='word_1_194' title='bbox 170 3471 340 3516; x_wconf 60' lang='lat' dir='ltr'>caus&amp;</span> <span class='ocrx_word' id='word_1_195' title='bbox 375 3482 489 3517; x_wconf 89' lang='lat' dir='ltr'>rem</span> <span class='ocrx_word' id='word_1_196' title='bbox 528 3464 758 3520; x_wconf 79' lang='lat' dir='ltr'>alienam</span> <span class='ocrx_word' id='word_1_197' title='bbox 812 3481 1051 3534; x_wconf 80' lang='lat' dir='ltr'>amovet,</span> 
     </span>
    </p>
   </div>
   <div class='ocr_carea' id='block_1_4' title="bbox 1981 175 2096 232">
    <p class='ocr_par' dir='ltr' id='par_1_5' title="bbox 1981 175 2096 232">
     <span class='ocr_line' id='line_1_43' title="bbox 1981 175 2096 232; baseline 0.009 -1"><span class='ocrx_word' id='word_1_198' title='bbox 1981 175 2096 232; x_wconf 81' lang='lat'>279</span> 
     </span>
    </p>
   </div>
   <div class='ocr_carea' id='block_1_5' title="bbox 1090 291 2107 2594">
    <p class='ocr_par' dir='ltr' id='par_1_6' title="bbox 1090 291 2107 2594">
     <span class='ocr_line' id='line_1_44' title="bbox 1092 291 2100 369; baseline 0.003 -24"><span class='ocrx_word' id='word_1_199' title='bbox 1092 291 1314 369; x_wconf 83' lang='lat' dir='ltr'>lorsque</span> <span class='ocrx_word' id='word_1_200' title='bbox 1329 294 1377 348; x_wconf 73' lang='lat' dir='ltr'>la</span> <span class='ocrx_word' id='word_1_201' title='bbox 1395 294 1559 349; x_wconf 84' lang='lat' dir='ltr'>chose</span> <span class='ocrx_word' id='word_1_202' title='bbox 1582 293 1915 357; x_wconf 60' lang='lat' dir='ltr'>volee2·‚vvons</span> <span class='ocrx_word' id='word_1_203' title='bbox 1930 310 2100 369; x_wconf 75' lang='lat' dir='ltr'>ayant</span> 
     </span>
     <span class='ocr_line' id='line_1_45' title="bbox 1090 371 2099 436; baseline 0.005 -15"><span class='ocrx_word' id='word_1_204' title='bbox 1090 372 1173 423; x_wconf 81' lang='lat' dir='ltr'>ete</span> <span class='ocrx_word' id='word_1_205' title='bbox 1192 372 1401 436; x_wconf 88' lang='lat' dir='ltr'>offerte,</span> <span class='ocrx_word' id='word_1_206' title='bbox 1424 394 1450 424; x_wconf 75' lang='lat' dir='ltr'>a</span> <span class='ocrx_word' id='word_1_207' title='bbox 1475 375 1558 426; x_wconf 83' lang='lat' dir='ltr'>ete</span> <span class='ocrx_word' id='word_1_208' title='bbox 1577 371 1848 427; x_wconf 84' lang='lat' dir='ltr'>cherchee</span> <span class='ocrx_word' id='word_1_209' title='bbox 1867 386 1922 426; x_wconf 87' lang='lat' dir='ltr'>et</span> <span class='ocrx_word' id='word_1_210' title='bbox 1939 376 2099 427; x_wconf 79' lang='lat' dir='ltr'>saisie</span> 
     </span>
     <span class='ocr_line' id='line_1_46' title="bbox 1090 447 2099 527; baseline 0.005 -28"><span class='ocrx_word' id='word_1_211' title='bbox 1090 447 1223 500; x_wconf 89' lang='lat' dir='ltr'>chez</span> <span class='ocrx_word' id='word_1_212' title='bbox 1252 469 1405 514; x_wconf 87' lang='lat' dir='ltr'>vous,</span> <span class='ocrx_word' id='word_1_213' title='bbox 1451 470 1665 521; x_wconf 86' lang='lat' dir='ltr'>pourvu</span> <span class='ocrx_word' id='word_1_214' title='bbox 1703 471 1810 525; x_wconf 82' lang='lat' dir='ltr'>que</span> <span class='ocrx_word' id='word_1_215' title='bbox 1839 449 1977 504; x_wconf 91' lang='lat' dir='ltr'>celui</span> <span class='ocrx_word' id='word_1_216' title='bbox 2006 452 2099 527; x_wconf 86' lang='lat' dir='ltr'>qui</span> 
     </span>
     <span class='ocr_line' id='line_1_47' title="bbox 1091 523 2096 601; baseline 0.003 -24"><span class='ocrx_word' id='word_1_217' title='bbox 1091 544 1228 579; x_wconf 88' lang='lat' dir='ltr'>vous</span> <span class='ocrx_word' id='word_1_218' title='bbox 1255 523 1319 578; x_wconf 81' lang='lat' dir='ltr'>l&#39;a</span> <span class='ocrx_word' id='word_1_219' title='bbox 1348 530 1545 580; x_wconf 87' lang='lat' dir='ltr'>remise</span> <span class='ocrx_word' id='word_1_220' title='bbox 1571 531 1645 580; x_wconf 78' lang='lat' dir='ltr'>ait</span> <span class='ocrx_word' id='word_1_221' title='bbox 1670 529 1772 601; x_wconf 69' lang='lat' dir='ltr'>agi,</span> <span class='ocrx_word' id='word_1_222' title='bbox 1807 533 1835 580; x_wconf 70' lang='grc' dir='ltr'>ἐι</span> <span class='ocrx_word' id='word_1_223' title='bbox 1860 527 2096 592; x_wconf 84' lang='lat' dir='ltr'>dessein,</span> 
     </span>
     <span class='ocr_line' id='line_1_48' title="bbox 1090 602 2098 678; baseline 0.004 -24"><span class='ocrx_word' id='word_1_224' title='bbox 1090 622 1232 675; x_wconf 88' lang='lat' dir='ltr'>pour</span> <span class='ocrx_word' id='word_1_225' title='bbox 1257 602 1456 678; x_wconf 78' lang='lat' dir='ltr'>qu&#39;elle</span> <span class='ocrx_word' id='word_1_226' title='bbox 1477 604 1561 656; x_wconf 76' lang='lat' dir='ltr'>fut</span> <span class='ocrx_word' id='word_1_227' title='bbox 1595 607 1753 657; x_wconf 80' lang='lat' dir='ltr'>saisie</span> <span class='ocrx_word' id='word_1_228' title='bbox 1793 605 1925 658; x_wconf 85' lang='lat' dir='ltr'>chez</span> <span class='ocrx_word' id='word_1_229' title='bbox 1965 625 2098 658; x_wconf 88' lang='lat' dir='ltr'>vous</span> 
     </span>
     <span class='ocr_line' id='line_1_49' title="bbox 1090 678 2094 755; baseline 0.005 -24"><span class='ocrx_word' id='word_1_230' title='bbox 1090 678 1268 754; x_wconf 69' lang='lat' dir='ltr'>plutot</span> <span class='ocrx_word' id='word_1_231' title='bbox 1290 701 1396 755; x_wconf 88' lang='lat' dir='ltr'>que</span> <span class='ocrx_word' id='word_1_232' title='bbox 1421 680 1549 734; x_wconf 88' lang='lat' dir='ltr'>chez</span> <span class='ocrx_word' id='word_1_233' title='bbox 1588 681 1680 734; x_wconf 89' lang='lat' dir='ltr'>lui.</span> <span class='ocrx_word' id='word_1_234' title='bbox 1723 686 1870 735; x_wconf 73' lang='lat' dir='ltr'>Dans</span> <span class='ocrx_word' id='word_1_235' title='bbox 1895 703 1957 736; x_wconf 87' lang='lat' dir='ltr'>ce</span> <span class='ocrx_word' id='word_1_236' title='bbox 1984 702 2094 748; x_wconf 78' lang='lat' dir='ltr'>cas,</span> 
     </span>
     <span class='ocr_line' id='line_1_50' title="bbox 1092 759 2098 824; baseline 0.003 -14"><span class='ocrx_word' id='word_1_237' title='bbox 1092 778 1227 811; x_wconf 89' lang='lat' dir='ltr'>vous</span> <span class='ocrx_word' id='word_1_238' title='bbox 1249 778 1378 812; x_wconf 85' lang='lat' dir='ltr'>avez</span> <span class='ocrx_word' id='word_1_239' title='bbox 1404 773 1592 812; x_wconf 87' lang='lat' dir='ltr'>contre</span> <span class='ocrx_word' id='word_1_240' title='bbox 1625 778 1685 812; x_wconf 90' lang='lat' dir='ltr'>ce</span> <span class='ocrx_word' id='word_1_241' title='bbox 1713 759 1948 824; x_wconf 84' lang='lat' dir='ltr'>dernier,</span> <span class='ocrx_word' id='word_1_242' title='bbox 1987 759 2098 814; x_wconf 87' lang='lat' dir='ltr'>lors</span> 
     </span>
     <span class='ocr_line' id='line_1_51' title="bbox 1091 834 2098 910; baseline 0.003 -23"><span class='ocrx_word' id='word_1_243' title='bbox 1091 841 1268 889; x_wconf 80' lang='lat' dir='ltr'>meme</span> <span class='ocrx_word' id='word_1_244' title='bbox 1286 834 1415 910; x_wconf 67' lang='lat' dir='ltr'>qu&#39;il</span> <span class='ocrx_word' id='word_1_245' title='bbox 1433 855 1500 889; x_wconf 87' lang='lat' dir='ltr'>ne</span> <span class='ocrx_word' id='word_1_246' title='bbox 1516 837 1680 888; x_wconf 82' lang='lat' dir='ltr'>serait</span> <span class='ocrx_word' id='word_1_247' title='bbox 1699 856 1794 908; x_wconf 78' lang='lat' dir='ltr'>pas</span> <span class='ocrx_word' id='word_1_248' title='bbox 1814 836 1862 889; x_wconf 88' lang='lat' dir='ltr'>le</span> <span class='ocrx_word' id='word_1_249' title='bbox 1887 837 2098 901; x_wconf 83' lang='lat' dir='ltr'>voleur,</span> 
     </span>
     <span class='ocr_line' id='line_1_52' title="bbox 1093 912 2098 969; baseline 0.002 -3"><span class='ocrx_word' id='word_1_250' title='bbox 1093 932 1198 966; x_wconf 87' lang='lat' dir='ltr'>une</span> <span class='ocrx_word' id='word_1_251' title='bbox 1237 915 1417 967; x_wconf 79' lang='lat' dir='ltr'>action</span> <span class='ocrx_word' id='word_1_252' title='bbox 1462 912 1571 966; x_wconf 87' lang='lat' dir='ltr'>dite</span> <span class='ocrx_word' id='word_1_253' title='bbox 1615 914 1792 966; x_wconf 75' lang='lat' dir='ltr'>oblati.</span> <span class='ocrx_word' id='word_1_254' title='bbox 1840 913 1881 966; x_wconf 90' lang='grc'>11</span> <span class='ocrx_word' id='word_1_255' title='bbox 1925 916 2098 969; x_wconf 80' lang='lat' dir='ltr'>existe</span> 
     </span>
     <span class='ocr_line' id='line_1_53' title="bbox 1091 989 2100 1065; baseline 0.002 -22"><span class='ocrx_word' id='word_1_256' title='bbox 1091 993 1240 1044; x_wconf 81' lang='lat' dir='ltr'>aussi</span> <span class='ocrx_word' id='word_1_257' title='bbox 1268 1011 1377 1045; x_wconf 91' lang='lat' dir='ltr'>une</span> <span class='ocrx_word' id='word_1_258' title='bbox 1413 993 1595 1045; x_wconf 82' lang='lat' dir='ltr'>action</span> <span class='ocrx_word' id='word_1_259' title='bbox 1635 990 1703 1044; x_wconf 90' lang='lat' dir='ltr'>de</span> <span class='ocrx_word' id='word_1_260' title='bbox 1743 989 1830 1044; x_wconf 85' lang='lat' dir='ltr'>vol</span> <span class='ocrx_word' id='word_1_261' title='bbox 1872 991 2100 1065; x_wconf 86' lang='lat' dir='ltr'>prohibe</span> 
     </span>
     <span class='ocr_line' id='line_1_54' title="bbox 1092 1066 2104 1143; baseline 0 -22"><span class='ocrx_word' id='word_1_262' title='bbox 1092 1083 1282 1122; x_wconf 86' lang='lat' dir='ltr'>contre</span> <span class='ocrx_word' id='word_1_263' title='bbox 1306 1068 1448 1123; x_wconf 90' lang='lat' dir='ltr'>celui</span> <span class='ocrx_word' id='word_1_264' title='bbox 1470 1072 1563 1143; x_wconf 84' lang='lat' dir='ltr'>qui</span> <span class='ocrx_word' id='word_1_265' title='bbox 1581 1066 1832 1142; x_wconf 78' lang='lat' dir='ltr'>s&#39;oppose</span> <span class='ocrx_word' id='word_1_266' title='bbox 1854 1072 1884 1120; x_wconf 70' lang='grc' dir='ltr'>ἐι</span> <span class='ocrx_word' id='word_1_267' title='bbox 1910 1068 1958 1121; x_wconf 78' lang='lat' dir='ltr'>la</span> <span class='ocrx_word' id='word_1_268' title='bbox 1982 1089 2104 1141; x_wconf 86' lang='lat' dir='ltr'>per-</span> 
     </span>
     <span class='ocr_line' id='line_1_55' title="bbox 1093 1145 2102 1221; baseline 0.001 -23"><span class='ocrx_word' id='word_1_269' title='bbox 1093 1148 1354 1221; x_wconf 79' lang='lat' dir='ltr'>quisition</span> <span class='ocrx_word' id='word_1_270' title='bbox 1381 1145 1543 1221; x_wconf 83' lang='lat' dir='ltr'>qu&#39;on</span> <span class='ocrx_word' id='word_1_271' title='bbox 1578 1146 1835 1199; x_wconf 73' lang='lat' dir='ltr'>voudrait</span> <span class='ocrx_word' id='word_1_272' title='bbox 1872 1146 2005 1198; x_wconf 79' lang='lat' dir='ltr'>faire</span> <span class='ocrx_word' id='word_1_273' title='bbox 2033 1167 2102 1199; x_wconf 89' lang='lat' dir='ltr'>cn</span> 
     </span>
     <span class='ocr_line' id='line_1_56' title="bbox 1093 1226 2099 1298; baseline 0 -22"><span class='ocrx_word' id='word_1_274' title='bbox 1093 1227 1358 1298; x_wconf 84' lang='lat' dir='ltr'>presence</span> <span class='ocrx_word' id='word_1_275' title='bbox 1399 1226 1466 1277; x_wconf 85' lang='lat' dir='ltr'>de</span> <span class='ocrx_word' id='word_1_276' title='bbox 1491 1226 1744 1278; x_wconf 85' lang='lat' dir='ltr'>temoins.</span> <span class='ocrx_word' id='word_1_277' title='bbox 1796 1227 1874 1275; x_wconf 85' lang='lat' dir='ltr'>En</span> <span class='ocrx_word' id='word_1_278' title='bbox 1915 1236 2099 1286; x_wconf 86' lang='lat' dir='ltr'>outre,</span> 
     </span>
     <span class='ocr_line' id='line_1_57' title="bbox 1096 1300 2101 1375; baseline 0 -21"><span class='ocrx_word' id='word_1_279' title='bbox 1096 1300 1240 1355; x_wconf 89' lang='lat' dir='ltr'>l&#39;edit</span> <span class='ocrx_word' id='word_1_280' title='bbox 1271 1302 1349 1355; x_wconf 85' lang='lat' dir='ltr'>du</span> <span class='ocrx_word' id='word_1_281' title='bbox 1388 1304 1628 1375; x_wconf 86' lang='lat' dir='ltr'>preteur,</span> <span class='ocrx_word' id='word_1_282' title='bbox 1668 1321 1740 1354; x_wconf 82' lang='lat' dir='ltr'>au</span> <span class='ocrx_word' id='word_1_283' title='bbox 1787 1321 2002 1374; x_wconf 72' lang='lat' dir='ltr'>moyenv</span> <span class='ocrx_word' id='word_1_284' title='bbox 2033 1300 2101 1354; x_wconf 92' lang='lat' dir='ltr'>de</span> 
     </span>
     <span class='ocr_line' id='line_1_58' title="bbox 1092 1376 2102 1441; baseline -0.001 -9"><span class='ocrx_word' id='word_1_285' title='bbox 1092 1379 1304 1433; x_wconf 84' lang='lat' dir='ltr'>l&#39;action</span> <span class='ocrx_word' id='word_1_286' title='bbox 1328 1379 1394 1433; x_wconf 86' lang='lat' dir='ltr'>de</span> <span class='ocrx_word' id='word_1_287' title='bbox 1421 1378 1507 1433; x_wconf 79' lang='lat' dir='ltr'>vol</span> <span class='ocrx_word' id='word_1_288' title='bbox 1532 1399 1643 1432; x_wconf 88' lang='lat' dir='ltr'>non</span> <span class='ocrx_word' id='word_1_289' title='bbox 1669 1377 1884 1441; x_wconf 85' lang='lat' dir='ltr'>exhibe,</span> <span class='ocrx_word' id='word_1_290' title='bbox 1913 1376 2102 1431; x_wconf 78' lang='lat' dir='ltr'>etablit</span> 
     </span>
     <span class='ocr_line' id='line_1_59' title="bbox 1093 1453 2103 1531; baseline -0.003 -21"><span class='ocrx_word' id='word_1_291' title='bbox 1093 1478 1202 1510; x_wconf 88' lang='lat' dir='ltr'>une</span> <span class='ocrx_word' id='word_1_292' title='bbox 1228 1459 1384 1531; x_wconf 63' lang='lat' dir='ltr'>peine</span> <span class='ocrx_word' id='word_1_293' title='bbox 1417 1473 1608 1511; x_wconf 88' lang='lat' dir='ltr'>contre</span> <span class='ocrx_word' id='word_1_294' title='bbox 1644 1475 1780 1509; x_wconf 84' lang='lat' dir='ltr'>ceux</span> <span class='ocrx_word' id='word_1_295' title='bbox 1819 1458 1912 1530; x_wconf 88' lang='lat' dir='ltr'>qui</span> <span class='ocrx_word' id='word_1_296' title='bbox 1952 1453 2103 1508; x_wconf 86' lang='lat' dir='ltr'>n&#39;ont</span> 
     </span>
     <span class='ocr_line' id='line_1_60' title="bbox 1096 1530 2100 1607; baseline -0.003 -19"><span class='ocrx_word' id='word_1_297' title='bbox 1096 1537 1249 1607; x_wconf 87' lang='lat' dir='ltr'>point</span> <span class='ocrx_word' id='word_1_298' title='bbox 1269 1534 1468 1588; x_wconf 78' lang='lat' dir='ltr'>exhibe</span> <span class='ocrx_word' id='word_1_299' title='bbox 1497 1533 1546 1586; x_wconf 76' lang='lat' dir='ltr'>la</span> <span class='ocrx_word' id='word_1_300' title='bbox 1575 1533 1741 1586; x_wconf 89' lang='lat' dir='ltr'>chose</span> <span class='ocrx_word' id='word_1_301' title='bbox 1763 1534 1916 1585; x_wconf 86' lang='lat' dir='ltr'>volee</span> <span class='ocrx_word' id='word_1_302' title='bbox 1935 1530 2100 1606; x_wconf 80' lang='lat' dir='ltr'>qu&#39;ou</span> 
     </span>
     <span class='ocr_line' id='line_1_61' title="bbox 1093 1609 2102 1665; baseline -0.002 0"><span class='ocrx_word' id='word_1_303' title='bbox 1093 1631 1123 1664; x_wconf 81' lang='lat' dir='ltr'>a</span> <span class='ocrx_word' id='word_1_304' title='bbox 1149 1611 1417 1665; x_wconf 86' lang='lat' dir='ltr'>cherchee</span> <span class='ocrx_word' id='word_1_305' title='bbox 1442 1624 1495 1664; x_wconf 90' lang='lat' dir='ltr'>et</span> <span class='ocrx_word' id='word_1_306' title='bbox 1517 1613 1676 1664; x_wconf 79' lang='lat' dir='ltr'>saisie</span> <span class='ocrx_word' id='word_1_307' title='bbox 1697 1609 1828 1663; x_wconf 85' lang='lat' dir='ltr'>chez</span> <span class='ocrx_word' id='word_1_308' title='bbox 1851 1629 1972 1663; x_wconf 86' lang='lat' dir='ltr'>eux.</span> <span class='ocrx_word' id='word_1_309' title='bbox 2002 1614 2102 1663; x_wconf 88' lang='lat' dir='ltr'>Ces</span> 
     </span>
     <span class='ocr_line' id='line_1_62' title="bbox 1093 1686 2100 1763; baseline -0.002 -22"><span class='ocrx_word' id='word_1_310' title='bbox 1093 1691 1303 1744; x_wconf 79' lang='lat' dir='ltr'>actions</span> <span class='ocrx_word' id='word_1_311' title='bbox 1323 1691 1551 1763; x_wconf 77' lang='lat' dir='ltr'>concepti</span> <span class='ocrx_word' id='word_1_312' title='bbox 1566 1702 1619 1741; x_wconf 87' lang='lat' dir='ltr'>et</span> <span class='ocrx_word' id='word_1_313' title='bbox 1639 1688 1816 1751; x_wconf 71' lang='lat' dir='ltr'>oblati,</span> <span class='ocrx_word' id='word_1_314' title='bbox 1841 1686 2004 1740; x_wconf 87' lang='lat' dir='ltr'>celles</span> <span class='ocrx_word' id='word_1_315' title='bbox 2028 1686 2100 1739; x_wconf 89' lang='lat' dir='ltr'>du</span> 
     </span>
     <span class='ocr_line' id='line_1_63' title="bbox 1098 1764 2102 1841; baseline -0.003 -22"><span class='ocrx_word' id='word_1_316' title='bbox 1098 1766 1183 1820; x_wconf 86' lang='lat' dir='ltr'>vol</span> <span class='ocrx_word' id='word_1_317' title='bbox 1206 1766 1432 1841; x_wconf 75' lang='lat' dir='ltr'>prohibe</span> <span class='ocrx_word' id='word_1_318' title='bbox 1457 1780 1509 1818; x_wconf 86' lang='lat' dir='ltr'>et·</span> <span class='ocrx_word' id='word_1_319' title='bbox 1534 1765 1603 1818; x_wconf 82' lang='lat' dir='ltr'>du</span> <span class='ocrx_word' id='word_1_320' title='bbox 1628 1765 1722 1820; x_wconf 82' lang='lat' dir='ltr'>vol</span> <span class='ocrx_word' id='word_1_321' title='bbox 1746 1785 1852 1818; x_wconf 87' lang='lat' dir='ltr'>non</span> <span class='ocrx_word' id='word_1_322' title='bbox 1884 1764 2102 1830; x_wconf 77' lang='lat' dir='ltr'>exhibe,</span> 
     </span>
     <span class='ocr_line' id='line_1_64' title="bbox 1096 1840 2102 1897; baseline -0.003 0"><span class='ocrx_word' id='word_1_323' title='bbox 1096 1859 1221 1897; x_wconf 89' lang='lat' dir='ltr'>sont</span> <span class='ocrx_word' id='word_1_324' title='bbox 1260 1843 1502 1897; x_wconf 84' lang='lat' dir='ltr'>tombees</span> <span class='ocrx_word' id='word_1_325' title='bbox 1540 1863 1608 1896; x_wconf 87' lang='lat' dir='ltr'>en</span> <span class='ocrx_word' id='word_1_326' title='bbox 1651 1840 1974 1897; x_wconf 72' lang='lat' dir='ltr'>desuetudo.</span> <span class='ocrx_word' id='word_1_327' title='bbox 2025 1846 2102 1894; x_wconf 83' lang='lat' dir='ltr'>En</span> 
     </span>
     <span class='ocr_line' id='line_1_65' title="bbox 1096 1916 2104 1996; baseline -0.002 -23"><span class='ocrx_word' id='word_1_328' title='bbox 1096 1920 1246 1984; x_wconf 85' lang='lat' dir='ltr'>effet,</span> <span class='ocrx_word' id='word_1_329' title='bbox 1295 1921 1346 1974; x_wconf 81' lang='lat' dir='ltr'>la</span> <span class='ocrx_word' id='word_1_330' title='bbox 1394 1922 1761 1996; x_wconf 86' lang='lat' dir='ltr'>perquisition</span> <span class='ocrx_word' id='word_1_331' title='bbox 1805 1918 1874 1972; x_wconf 87' lang='lat' dir='ltr'>de</span> <span class='ocrx_word' id='word_1_332' title='bbox 1917 1916 2104 1991; x_wconf 78' lang='lat' dir='ltr'>l&#39;objet</span> 
     </span>
     <span class='ocr_line' id='line_1_66' title="bbox 1099 1996 2102 2071; baseline 0 -21"><span class='ocrx_word' id='word_1_333' title='bbox 1099 1997 1216 2051; x_wconf 89' lang='lat' dir='ltr'>vole</span> <span class='ocrx_word' id='word_1_334' title='bbox 1238 2018 1307 2051; x_wconf 88' lang='lat' dir='ltr'>ne</span> <span class='ocrx_word' id='word_1_335' title='bbox 1334 2018 1390 2051; x_wconf 92' lang='lat' dir='ltr'>se</span> <span class='ocrx_word' id='word_1_336' title='bbox 1418 1998 1618 2051; x_wconf 71' lang='lat' dir='ltr'>faisant</span> <span class='ocrx_word' id='word_1_337' title='bbox 1642 1997 1766 2071; x_wconf 81' lang='lat' dir='ltr'>plus</span> <span class='ocrx_word' id='word_1_338' title='bbox 1789 1996 2001 2069; x_wconf 69' lang='lat' dir='ltr'>d&#39;epres</span> <span class='ocrx_word' id='word_1_339' title='bbox 2025 1996 2102 2050; x_wconf 89' lang='lat' dir='ltr'>les</span> 
     </span>
     <span class='ocr_line' id='line_1_67' title="bbox 1095 2074 2103 2139; baseline -0.002 -11"><span class='ocrx_word' id='word_1_340' title='bbox 1095 2076 1394 2129; x_wconf 76' lang='lat' dir='ltr'>anciennes</span> <span class='ocrx_word' id='word_1_341' title='bbox 1423 2074 1740 2139; x_wconf 70' lang='lat' dir='ltr'>formalites,</span> <span class='ocrx_word' id='word_1_342' title='bbox 1780 2093 1870 2127; x_wconf 91' lang='lat' dir='ltr'>ces</span> <span class='ocrx_word' id='word_1_343' title='bbox 1894 2076 2103 2127; x_wconf 80' lang='lat' dir='ltr'>actions</span> 
     </span>
     <span class='ocr_line' id='line_1_68' title="bbox 1095 2150 2100 2228; baseline -0.002 -22"><span class='ocrx_word' id='word_1_344' title='bbox 1095 2168 1210 2217; x_wconf 89' lang='lat' dir='ltr'>ont,</span> <span class='ocrx_word' id='word_1_345' title='bbox 1249 2173 1347 2228; x_wconf 80' lang='lat' dir='ltr'>par</span> <span class='ocrx_word' id='word_1_346' title='bbox 1385 2173 1494 2205; x_wconf 89' lang='lat' dir='ltr'>une</span> <span class='ocrx_word' id='word_1_347' title='bbox 1527 2150 1672 2226; x_wconf 80' lang='lat' dir='ltr'>juste</span> <span class='ocrx_word' id='word_1_348' title='bbox 1699 2154 2100 2226; x_wconf 75' lang='lat' dir='ltr'>consequence,</span> 
     </span>
     <span class='ocr_line' id='line_1_69' title="bbox 1095 2228 2102 2303; baseline -0.004 -19"><span class='ocrx_word' id='word_1_349' title='bbox 1095 2234 1246 2285; x_wconf 87' lang='lat' dir='ltr'>cesse</span> <span class='ocrx_word' id='word_1_350' title='bbox 1268 2229 1435 2284; x_wconf 83' lang='lat' dir='ltr'>d&#39;etre</span> <span class='ocrx_word' id='word_1_351' title='bbox 1463 2250 1532 2284; x_wconf 84' lang='lat' dir='ltr'>en</span> <span class='ocrx_word' id='word_1_352' title='bbox 1557 2250 1721 2303; x_wconf 66' lang='lat' dir='ltr'>usage</span> <span class='ocrx_word' id='word_1_353' title='bbox 1747 2251 1756 2282; x_wconf 78' lang='lat' dir='ltr'>z</span> <span class='ocrx_word' id='word_1_354' title='bbox 1782 2229 1816 2282; x_wconf 83' lang='lat' dir='ltr'>il</span> <span class='ocrx_word' id='word_1_355' title='bbox 1840 2244 1922 2282; x_wconf 86' lang='lat' dir='ltr'>est</span> <span class='ocrx_word' id='word_1_356' title='bbox 1955 2228 2102 2281; x_wconf 62' lang='lat' dir='ltr'>‹fail-</span> 
     </span>
     <span class='ocr_line' id='line_1_70' title="bbox 1096 2307 2106 2382; baseline -0.003 -20"><span class='ocrx_word' id='word_1_357' title='bbox 1096 2308 1240 2362; x_wconf 86' lang='lat' dir='ltr'>leurs</span> <span class='ocrx_word' id='word_1_358' title='bbox 1283 2307 1504 2361; x_wconf 86' lang='lat' dir='ltr'>evident</span> <span class='ocrx_word' id='word_1_359' title='bbox 1540 2328 1647 2382; x_wconf 81' lang='lat' dir='ltr'>que</span> <span class='ocrx_word' id='word_1_360' title='bbox 1675 2310 1990 2382; x_wconf 81' lang='lat' dir='ltr'>quiconque</span> <span class='ocrx_word' id='word_1_361' title='bbox 2032 2326 2106 2359; x_wconf 87' lang='lat' dir='ltr'>re—</span> 
     </span>
     <span class='ocr_line' id='line_1_71' title="bbox 1096 2384 2107 2455; baseline -0.003 -17"><span class='ocrx_word' id='word_1_362' title='bbox 1096 2388 1202 2455; x_wconf 76' lang='lat' dir='ltr'>coit</span> <span class='ocrx_word' id='word_1_363' title='bbox 1229 2400 1280 2438; x_wconf 89' lang='lat' dir='ltr'>et</span> <span class='ocrx_word' id='word_1_364' title='bbox 1304 2385 1482 2438; x_wconf 77' lang='lat' dir='ltr'>recele</span> <span class='ocrx_word' id='word_1_365' title='bbox 1508 2388 1836 2438; x_wconf 80' lang='lat' dir='ltr'>scieinment</span> <span class='ocrx_word' id='word_1_366' title='bbox 1859 2404 1930 2437; x_wconf 86' lang='lat' dir='ltr'>un</span> <span class='ocrx_word' id='word_1_367' title='bbox 1959 2384 2107 2453; x_wconf 87' lang='lat' dir='ltr'>objet</span> 
     </span>
     <span class='ocr_line' id='line_1_72' title="bbox 1100 2458 2105 2530; baseline -0.002 -15"><span class='ocrx_word' id='word_1_368' title='bbox 1100 2462 1237 2530; x_wconf 84' lang='lat' dir='ltr'>vole,</span> <span class='ocrx_word' id='word_1_369' title='bbox 1265 2478 1344 2516; x_wconf 91' lang='lat' dir='ltr'>est</span> <span class='ocrx_word' id='word_1_370' title='bbox 1371 2465 1579 2516; x_wconf 85' lang='lat' dir='ltr'>soumis</span> <span class='ocrx_word' id='word_1_371' title='bbox 1605 2469 1632 2517; x_wconf 71' lang='grc' dir='ltr'>ἑ]</span> <span class='ocrx_word' id='word_1_372' title='bbox 1664 2460 1882 2515; x_wconf 78' lang='lat' dir='ltr'>l&#39;action</span> <span class='ocrx_word' id='word_1_373' title='bbox 1920 2461 1987 2515; x_wconf 90' lang='lat' dir='ltr'>de</span> <span class='ocrx_word' id='word_1_374' title='bbox 2016 2458 2105 2514; x_wconf 74' lang='lat' dir='ltr'>vol</span> 
     </span>
     <span class='ocr_line' id='line_1_73' title="bbox 1099 2539 1540 2594; baseline -0.007 0"><span class='ocrx_word' id='word_1_375' title='bbox 1099 2561 1209 2594; x_wconf 90' lang='lat' dir='ltr'>non</span> <span class='ocrx_word' id='word_1_376' title='bbox 1236 2539 1540 2594; x_wconf 81' lang='lat' dir='ltr'>manifeste.</span> 
     </span>
    </p>
   </div>
   <div class='ocr_carea' id='block_1_6' title="bbox 1098 2924 2108 3543">
    <p class='ocr_par' dir='ltr' id='par_1_7' title="bbox 1098 2924 2108 3289">
     <span class='ocr_line' id='line_1_74' title="bbox 1177 2924 2104 3001; baseline -0.005 -21"><span class='ocrx_word' id='word_1_377' title='bbox 1177 2939 1228 2982; x_wconf 88' lang='grc'>5.</span> <span class='ocrx_word' id='word_1_378' title='bbox 1259 2931 1334 2979; x_wconf 82' lang='lat' dir='ltr'>La</span> <span class='ocrx_word' id='word_1_379' title='bbox 1361 2928 1517 3001; x_wconf 86' lang='lat' dir='ltr'>peine</span> <span class='ocrx_word' id='word_1_380' title='bbox 1555 2924 1630 2978; x_wconf 87' lang='lat' dir='ltr'>du</span> <span class='ocrx_word' id='word_1_381' title='bbox 1669 2925 1755 2978; x_wconf 90' lang='lat' dir='ltr'>vol</span> <span class='ocrx_word' id='word_1_382' title='bbox 1794 2924 2104 2987; x_wconf 80' lang='lat' dir='ltr'>manifeste,</span> 
     </span>
     <span class='ocr_line' id='line_1_75' title="bbox 1098 3002 2107 3077; baseline -0.005 -20"><span class='ocrx_word' id='word_1_383' title='bbox 1098 3007 1330 3057; x_wconf 86' lang='lat' dir='ltr'>commis</span> <span class='ocrx_word' id='word_1_384' title='bbox 1353 3024 1450 3077; x_wconf 76' lang='lat' dir='ltr'>pur</span> <span class='ocrx_word' id='word_1_385' title='bbox 1476 3023 1550 3054; x_wconf 88' lang='lat' dir='ltr'>un</span> <span class='ocrx_word' id='word_1_386' title='bbox 1578 3002 1790 3057; x_wconf 75' lang='lat' dir='ltr'>esclave</span> <span class='ocrx_word' id='word_1_387' title='bbox 1816 3022 1886 3055; x_wconf 89' lang='lat' dir='ltr'>ou</span> <span class='ocrx_word' id='word_1_388' title='bbox 1911 3022 2011 3076; x_wconf 77' lang='lat' dir='ltr'>pur</span> <span class='ocrx_word' id='word_1_389' title='bbox 2031 3020 2107 3052; x_wconf 86' lang='lat' dir='ltr'>un</span> 
     </span>
     <span class='ocr_line' id='line_1_76' title="bbox 1101 3076 2106 3155; baseline -0.005 -21"><span class='ocrx_word' id='word_1_390' title='bbox 1101 3080 1324 3134; x_wconf 88' lang='lat' dir='ltr'>homme</span> <span class='ocrx_word' id='word_1_391' title='bbox 1350 3080 1503 3144; x_wconf 84' lang='lat' dir='ltr'>libre,</span> <span class='ocrx_word' id='word_1_392' title='bbox 1537 3093 1619 3134; x_wconf 85' lang='lat' dir='ltr'>est</span> <span class='ocrx_word' id='word_1_393' title='bbox 1654 3078 1726 3133; x_wconf 89' lang='lat' dir='ltr'>du</span> <span class='ocrx_word' id='word_1_394' title='bbox 1764 3076 2106 3155; x_wconf 65' lang='lat' dir='ltr'>quadrupleg</span> 
     </span>
     <span class='ocr_line' id='line_1_77' title="bbox 1099 3157 2108 3212; baseline -0.008 0"><span class='ocrx_word' id='word_1_395' title='bbox 1099 3157 1235 3212; x_wconf 87' lang='lat' dir='ltr'>celle</span> <span class='ocrx_word' id='word_1_396' title='bbox 1248 3157 1324 3212; x_wconf 87' lang='lat' dir='ltr'>du</span> <span class='ocrx_word' id='word_1_397' title='bbox 1348 3157 1433 3211; x_wconf 91' lang='lat' dir='ltr'>vol</span> <span class='ocrx_word' id='word_1_398' title='bbox 1456 3178 1564 3211; x_wconf 87' lang='lat' dir='ltr'>nou</span> <span class='ocrx_word' id='word_1_399' title='bbox 1585 3158 1873 3211; x_wconf 79' lang='lat' dir='ltr'>manifeste</span> <span class='ocrx_word' id='word_1_400' title='bbox 1893 3170 1974 3210; x_wconf 88' lang='lat' dir='ltr'>est</span> <span class='ocrx_word' id='word_1_401' title='bbox 1994 3173 2108 3206; x_wconf 88' lang='lat' dir='ltr'>seu-</span> 
     </span>
     <span class='ocr_line' id='line_1_78' title="bbox 1101 3234 1645 3289; baseline -0.004 0"><span class='ocrx_word' id='word_1_402' title='bbox 1101 3235 1304 3289; x_wconf 86' lang='lat' dir='ltr'>lement</span> <span class='ocrx_word' id='word_1_403' title='bbox 1327 3235 1400 3288; x_wconf 90' lang='lat' dir='ltr'>du</span> <span class='ocrx_word' id='word_1_404' title='bbox 1422 3234 1645 3288; x_wconf 82' lang='lat' dir='ltr'>double.</span> 
     </span>
    </p>

    <p class='ocr_par' dir='ltr' id='par_1_8' title="bbox 1100 3310 2107 3543">
     <span class='ocr_line' id='line_1_79' title="bbox 1178 3310 2103 3387; baseline -0.002 -20"><span class='ocrx_word' id='word_1_405' title='bbox 1178 3325 1231 3367; x_wconf 86' lang='lat'>6.</span> <span class='ocrx_word' id='word_1_406' title='bbox 1280 3313 1319 3366; x_wconf 87' lang='lat'>11</span> <span class='ocrx_word' id='word_1_407' title='bbox 1364 3334 1397 3387; x_wconf 83' lang='lat' dir='ltr'>y</span> <span class='ocrx_word' id='word_1_408' title='bbox 1434 3333 1463 3364; x_wconf 77' lang='lat' dir='ltr'>a</span> <span class='ocrx_word' id='word_1_409' title='bbox 1502 3312 1763 3376; x_wconf 58' lang='lat' dir='ltr'>vohnon</span> <span class='ocrx_word' id='word_1_410' title='bbox 1795 3310 2103 3365; x_wconf 84' lang='lat' dir='ltr'>seulement</span> 
     </span>
     <span class='ocr_line' id='line_1_80' title="bbox 1104 3386 2104 3465; baseline -0.001 -23"><span class='ocrx_word' id='word_1_411' title='bbox 1104 3388 1377 3465; x_wconf 79' lang='lat' dir='ltr'>lorsqu&#39;on</span> <span class='ocrx_word' id='word_1_412' title='bbox 1413 3389 1729 3465; x_wconf 52' lang='lat' dir='ltr'>depixit-eda</span> <span class='ocrx_word' id='word_1_413' title='bbox 1765 3388 1929 3440; x_wconf 82' lang='lat' dir='ltr'>chose</span> <span class='ocrx_word' id='word_1_414' title='bbox 1952 3386 2104 3441; x_wconf 79' lang='lat' dir='ltr'>d&#39;au-</span> 
     </span>
     <span class='ocr_line' id='line_1_81' title="bbox 1100 3467 2107 3543; baseline -0.003 -22"><span class='ocrx_word' id='word_1_415' title='bbox 1100 3470 1206 3521; x_wconf 87' lang='lat' dir='ltr'>trui</span> <span class='ocrx_word' id='word_1_416' title='bbox 1230 3488 1371 3543; x_wconf 84' lang='lat' dir='ltr'>pour</span> <span class='ocrx_word' id='word_1_417' title='bbox 1408 3468 1457 3520; x_wconf 78' lang='lat' dir='ltr'>la</span> <span class='ocrx_word' id='word_1_418' title='bbox 1503 3468 1822 3528; x_wconf 76' lang='lat' dir='ltr'>soustraire,</span> <span class='ocrx_word' id='word_1_419' title='bbox 1867 3467 2002 3519; x_wconf 82' lang='lat' dir='ltr'>mais</span> <span class='ocrx_word' id='word_1_420' title='bbox 2038 3485 2107 3518; x_wconf 89' lang='lat' dir='ltr'>en</span> 
     </span>
    </p>
   </div>
  </div>
 </body>
</html>
