2300 3886
799 187 962 227 lean
1004 189 1061 228 1v
1076 217 1090 239 ,

1138 189 1302 229 ‘rrrnn
1347 191 1502 232 xvni.
2013 180 2129 236 519

191 292 401 353 incipiat,
431 300 475 339 et
503 294 543 339 ei
577 293 738 340 coelum
773 294 1002 353 superstiti
1031 300 1076 340 et
1122 301 1286 351 ments,
1310 303 1355 343 et
1373 299 1584 357 nejouira
1606 299 1650 344 ni
1671 299 1727 345 de
1751 298 1850 346 l'air
1873 301 2068 358 pendant
2089 303 2129 349 le

192 366 308 406 terra
334 365 506 406 mortuo
527 360 771 407 auferatur.

268 505 318 556 Si
356 508 479 578 quis
507 512 689 556 autern
719 500 854 555 alias
880 522 1074 578 cogna-

1123 367 1266 421 temps
1284 364 1359 422 qui
1377 364 1438 409 lui
1458 372 1578 411 reste
1597 368 1622 411 a
1639 366 1778 423 vivre,
1803 366 1849 412 ni
1872 367 1928 412 de
1947 366 1988 414 la
2013 374 2130 415 terre

1119 432 1251 486 apres
1276 443 1323 475 sa
1347 438 1477 476 mort.

1196 505 1347 559 Celui
1375 509 1466 582 qui
1497 523 1588 561 tue
1625 506 1864 563 d'autres
1901 520 2127 587 parents

190 581 336 634 tione
379 581 463 636 vel
502 579 769 634 affinitate
806 598 1070 655 personas
1120 605 1190 638 ou
1231 583 1417 648 allieS,
1453 584 1599 638 subit
1642 582 1692 638 la
1734 587 1890 659 peine
1929 586 2127 643 etablie

187 655 508 731 conjunctas
531 659 824 722 necaverit,
848 679 1066 733 poenam

188 732 322 809 legis
388 725 654 791 Cffrneliae
721 731 788 795 de
860 738 1068 792 sicariis

187 813 497 872 sustinebit.

217 885 219 887 ¹
264 902 312 946 7.
338 895 475 944 Item
499 890 584 944 lex
607 889 856 943 Cornelia
881 888 948 944 de
971 892 1066 944 fal-

186 969 276 1034 εἰς,
308 988 432 1044 quae
460 971 622 1022 etiam
656 971 1066 1022 testamentaria

186 1060 431 1110 vocatur,
448 1066 664 1122 poenam
682 1047 886 1119 irrogat
899 1049 947 1100 ei
971 1049 1066 1122 qui

188 1137 578 1178 testamentum
600 1121 683 1177 vel
700 1122 851 1176 aliud
870 1127 1061 1178 instru-

184 1217 433 1255 mentum
499 1201 703 1255 falsum
766 1202 1061 1275 scripserit,

183 1279 591 1353 significaverit,
606 1281 927 1343 recitaverit,
943 1279 1064 1333 sub·

175 1355 374 1429 jecerit
397 1379 409 1423 3
434 1359 597 1432 quive
617 1358 835 1430 signum
856 1355 1066 1411 adulte-

181 1435 364 1512 rinum
393 1436 600 1498 fecerit,
630 1433 938 1509 sculpserit,
967 1454 1062 1488 ex-

180 1515 461 1584 presserit,
505 1516 685 1568 sciens
723 1510 850 1565 dolo
895 1510 1057 1566 mal0.

179 1586 426 1665 Ejusque
456 1592 586 1666 legis
610 1608 773 1662 poena
796 1591 850 1642 in
873 1609 1061 1644 servos

178 1665 435 1720 ultimum
453 1666 785 1743 supplicium
801 1666 1060 1741 est(quod

177 1745 339 1798 etiam
365 1746 416 1799 in
438 1746 558 1819 lege
581 1744 646 1797 de
669 1746 877 1798 sicariis
899 1759 951 1796 et
969 1764 1061 1797 ve-

176 1822 365 1876 neficis
404 1825 674 1890 servatur)
712 1842 725 1888 3
769 1822 823 1873 in
856 1818 1060 1874 liberos

180 1918 326 1966 νει-ο,
354 1897 680 1976 deportatio.

254 1986 307 2033 8.
336 1981 471 2033 Item
493 1977 580 2031 lex
615 1975 759 2030 Julia
782 1974 850 2030 de
873 1979 922 2030 vi
953 1998 1059 2052 pu·-

176 2053 319 2108 blica
340 2073 437 2111 seu
458 2058 667 2131 privata
683 2053 949 2109 adversus
968 2075 1061 2110 eos

175 2135 438 2199 exoritur,
454 2135 548 2210 qui
565 2133 675 2185 vim
691 2131 776 2185 vel
790 2147 1057 2187 armatam

175 2209 262 2264 vel
295 2213 414 2265 sine
450 2212 617 2274 armis
651 2211 1058 2264 commiserint:

175 2287 274 2342 sed
303 2291 347 2343 si
377 2287 602 2364 quidem
625 2300 836 2340 armata
864 2289 943 2341 vis
973 2308 1059 2342 re-

174 2365 496 2440 darguatur,
549 2365 859 2438 deportatio
903 2366 951 2418 ei
994 2385 1060 2419 ex

173 2443 292 2519 lege
324 2444 469 2498 Julia
483 2443 550 2507 de
577 2444 629 2496 vi
660 2441 881 2516 publica
924 2444 1057 2496 irro-

172 2537 368 2595 gatum
400 2524 445 2575 si
472 2541 600 2574 vero
626 2522 743 2573 sine
779 2521 967 2584 armiS,
998 2522 1054 2573 in

171 2602 385 2655 tertiam
410 2613 624 2674 partem
656 2597 928 2650 bonorum
957 2617 1058 2672 pu-

172 2675 392 2731 blicatio
422 2677 740 2751 imponitur.

238 2765 315 2811 Sin
347 2771 495 2812 autem
520 2780 599 2824 per
625 2765 712 2810 vim
736 2771 891 2823 raptus
913 2765 1055 2823 virgi-

172 2832 330 2888 nis-vel
352 2832 501 2878 viduae
516 2831 586 2877 vel
612 2831 960 2877 sanctimonialis
985 2831 1053 2876 vel

170 2899 354 2944 alterius
378 2899 511 2944 fuerit
533 2904 814 2956 perpetratus
835 2934 843 2950 ,
882 2905 987 2943 tunc
1012 2904 1056 2943 et

170 2972 426 3024 peccatores
465 2971 510 3010 et
546 2965 575 3009 ii
615 2965 690 3022 qui
726 2977 853 3022 opem
889 2964 1055 3021 flagitio

167 3031 403 3083 dederunt,
431 3031 576 3089 capite
598 3030 860 3089 puniuntur,
889 3044 1054 3076 secun-

167 3098 274 3142 dum
298 3103 465 3143 nostrae
486 3097 815 3142 constitutionis
839 3096 1054 3142 definitio-

170 3177 270 3210 nem
300 3179 355 3210 ex
382 3177 468 3223 qua
494 3164 577 3208 hoc
600 3163 797 3222 apertius
822 3170 891 3208 est
919 3164 1046 3210 scire.

246 3243 444 3294 9.Item
468 3239 553 3293 lex
593 3239 738 3293 Julia
767 3239 1054 3313 peculatus

169 3331 263 3369 eos
302 3317 478 3390 punit,
515 3319 609 3393 qui
648 3319 936 3395 pecuniam
971 3315 1054 3371 vel

168 3412 283 3446 rem
319 3387 592 3467 publicam
620 3395 701 3448 vel
734 3412 947 3449 sacram
972 3394 1057 3449 vel

170 3470 480 3542 religiosam
499 3471 655 3525 furati
680 3471 900 3526 fuerint.

1120 683 1218 737 par
1242 661 1293 714 la
1326 661 1398 714 loi
1439 661 1685 716 Cornelia
1729 679 1919 719 contre
1954 664 2031 719 les
2056 667 2126 720 si-

1117 759 1307 795 caireS.

1196 907 1248 950 7.
1284 899 1359 948 La
1380 895 1453 947 loi
1479 893 1732 946 Cornelia
1776 914 1868 948 sur
1897 894 1942 948 le
1971 895 2121 962 faux,

1113 984 1428 1026 autrement
1445 969 1555 1024 dite
1574 975 2000 1038 testamentaire,
2026 994 2124 1048 pu-

1116 1052 1195 1103 nit
1237 1050 1380 1103 celui
1424 1049 1536 1122 qui,
1591 1050 1916 1102 sciemment
1956 1064 2008 1102 et
2055 1049 2124 1103 (16

1115 1130 1398 1181 mauvaise
1424 1126 1518 1190 foi,
1551 1146 1583 1179 a
1613 1127 1764 1190 ecrit,
1791 1124 2036 1191 cachete,
2065 1126 2122 1180 lu

1114 1225 1184 1258 ou
1220 1204 1510 1268 substitue,
1553 1203 1654 1257 soit
1694 1223 1766 1256 un
1803 1217 2119 1270 testament,

1113 1285 1218 1336 soit
1248 1303 1320 1336 un
1359 1296 1515 1335 autre
1543 1294 1664 1334 acte
1694 1280 1824 1334 faux
1852 1302 1864 1346 ;
1895 1295 1949 1334 et
1977 1281 2119 1336 celui

1113 1362 1206 1436 qui
1233 1380 1260 1412 a
1299 1360 1414 1426 fait,
1454 1362 1619 1433 grave
1645 1378 1715 1411 ou
1745 1360 2017 1432 emprcint
2044 1379 2116 1412 un

1113 1437 1306 1491 cachet
1331 1437 1479 1490 faux.
1515 1438 1668 1489 Cette
1699 1434 1768 1488 loi
1798 1433 1984 1510 inflige
2010 1456 2118 1490 aux

1111 1514 1353 1568 esclaves
1375 1514 1428 1566 la
1454 1516 1612 1587 peine
1638 1512 1710 1566 du
1735 1511 1954 1565 dernier
1986 1534 2118 1587 sup-

1113 1591 1271 1664 plice,
1297 1593 1389 1666 qui
1410 1605 1492 1644 est
1512 1591 1659 1643 aussi
1682 1593 1999 1663 prononcee
2021 1610 2120 1666 par

1111 1669 1163 1722 la
1184 1668 1254 1723 loi
1279 1682 1468 1722 contre
1480 1667 1568 1722 *les
1591 1668 1811 1721 sicaires
1835 1681 1886 1720 et
1908 1665 1987 1721 les
2010 1688 2120 1721 em-

1112 1748 1493 1819 poisonneurS‚
1535 1758 1588 1798 et
1618 1763 1726 1797 aux
1766 1743 2016 1798 hommes
2056 1743 2116 1798 li-

1111 1823 1234 1877 bres
1258 1822 1309 1876 la
1336 1822 1703 1898 deportation.

1188 1986 1240 2032 8.
1277 1982 1352 2031 La
1392 1977 1464 2030 loi
1491 1977 1636 2030 Julia
1664 1995 1758 2029 sur
1794 1974 1845 2028 la
1875 1973 2118 2029 violence

1109 2054 1376 2131 publique
1410 2075 1482 2108 ou
1525 2057 1710 2127 privee
1751 2054 1891 2106 sevit
1928 2067 2118 2107 contre

1109 2151 1249 2186 ceux
1291 2134 1385 2207 qui
1425 2133 1543 2185 font
1587 2130 1836 2185 violence
1875 2149 2009 2183 avec
2045 2150 2116 2184 ou

1109 2229 1235 2263 sans
1260 2229 1458 2264 armes.
1489 2214 1570 2262 En
1606 2229 1695 2262 cas
1718 2207 1786 2261 de
1817 2206 2064 2262 violence
2085 2213 2116 2261 a

1109 2290 1254 2340 main
1293 2291 1497 2352 armac,
1539 2286 1591 2339 la
1627 2285 1696 2340 loi
1738 2283 1886 2338 Julia
1926 2304 2022 2338 sur
2066 2283 2117 2338 la

1108 2363 1353 2418 violence
1407 2362 1666 2439 publique
1713 2360 1900 2435 inflige
1932 2360 1982 2414 la
2031 2360 2118 2415 de·

1107 2445 1380 2516 portation
1415 2464 1427 2509 3
1463 2456 1516 2495 et
1563 2461 1629 2494 en
1667 2460 1758 2494 cas
1781 2437 1848 2492 de
1873 2437 2118 2492 violence

1106 2540 1231 2574 sans
1254 2539 1451 2585 armes,
1470 2520 1517 2572 la
1534 2517 1888 2571 confiscation
1901 2514 1975 2569 du
1990 2519 2115 2571 tiers

1104 2597 1200 2652 des
1226 2598 1399 2652 biens.

1170 2764 1446 2823 Lorsqu'une
1470 2764 1573 2818 fille,
1597 2777 1683 2809 une
1707 2778 1864 2818 veuve,
1893 2777 1981 2810 une
2006 2764 2112 2810 reli-

1102 2832 1256 2890 gieuse
1280 2845 1335 2876 ou
1362 2837 1483 2876 toute
1507 2837 1634 2875 autre
1658 2831 1818 2876 femme
1841 2844 1866 2876 a
1890 2830 1961 2876 ete
1983 2831 2111 2878 enie-

1102 2899 1182 2944 vee
1205 2899 1260 2944 de
1283 2899 1403 2943 force
1424 2934 1431 2950 ,
1465 2897 1531 2942 les
1556 2897 1806 2942 ravisseurs
1826 2904 1870 2943 et
1898 2910 2009 2942 ceux
2031 2899 2110 2956 qui

1101 2971 1178 3009 ont
1201 2965 1386 3024 coopere
1400 2977 1456 3008 au
1476 2965 1612 3008 crime
1629 2969 1729 3009 sont
1744 2964 1875 3022 punis
1898 2963 1954 3008 de
1975 2969 2108 3020 mort,

1102 3033 1280 3077 suivant
1307 3031 1347 3076 la
1364 3031 1559 3076 decision
1582 3030 1637 3075 de
1661 3036 1787 3076 notre
1803 3029 2105 3084 constitution,

1101 3097 1210 3143 dont
1246 3097 1286 3142 13
1324 3097 1494 3143 lecture
1518 3096 1714 3142 fournira
1738 3096 1793 3141 de
1817 3096 1916 3155 plus
1940 3095 2110 3154 amples

1101 3163 1276 3209 details.

1180 3250 1234 3293 9.
1274 3243 1349 3292 La
1382 3236 1452 3291 loi
1486 3237 1630 3292 Julia
1673 3256 1768 3290 sur
1810 3235 1858 3289 le
1892 3234 2114 3311 peculat

1103 3318 1261 3393 punit
1276 3335 1409 3370 ceux
1429 3317 1524 3390 qui
1541 3329 1639 3368 ont
1652 3310 1772 3367 vole
1790 3312 1867 3367 les
1895 3312 2112 3367 deniers

1106 3393 1338 3470 publics‚
1363 3413 1471 3447 une
1505 3391 1671 3446 chose
1703 3389 1988 3468 publiqne,
2019 3407 2108 3449 sa·-

1079 3474 1226 3543 ‚cree
1247 3491 1318 3524 ou
1346 3470 1652 3547 religieuse.
