2300 3886
252 148 368 209 28⁴2

252 271 529 363 lorsqu'on
545 271 641 324 fait
662 271 876 326 tomber
900 285 1051 325 votre
1068 284 1263 346 argent

252 370 391 424 pour
433 369 602 423 quun
648 363 804 402 autre
856 369 970 404 sen
1012 351 1260 411 saisisse3

251 428 454 502 lorsqu'
458 447 531 480 on
554 447 690 480 vous
715 448 776 480 ai
782 448 806 479 ι
811 432 893 480 ete
932 447 1072 501 pour
1093 426 1183 503 qu’
1190 448 1258 479 un

251 519 407 558 autre
423 503 462 559 s'
467 525 691 577 empare
713 504 782 559 de
805 525 865 558 ce
888 507 982 581 qui
1006 525 1141 559 vous
1160 525 1260 577 ap-

251 583 520 657 partient3
564 581 770 659 lorsqu
776 603 846 637 on
882 596 996 636 met
1032 603 1098 636 en
1130 582 1262 635 suite

250 680 347 714 vos
393 676 653 714 inoutons
680 681 750 714 ou
781 681 875 714 vos
901 660 1078 714 boeufs
1121 678 1264 733 pour

250 737 338 814 qu’
345 759 417 791 un
431 752 587 792 autre
603 738 681 792 155
697 739 905 792 enleve
922 741 1024 792 Les
1040 739 1263 797 anciens

249 830 346 869 ont
401 816 664 892 applique
720 830 862 870 cette
924 814 1071 888 tegle
1114 836 1147 869 a
1186 835 1260 867 un

178 934 182 938 ·
249 893 474 948 homine
500 897 615 970 qui,
656 915 727 947 au
760 913 964 969 moyen
993 890 1041 944 d
1049 913 1121 945 nn
1147 892 1266 946 dra-

250 991 394 1047 peau
420 992 654 1047 louge„
638 993 703 1025 av
708 974 784 1024 ait
809 974 910 1025 mis
934 990 999 1023 en
1026 971 1157 1024 fuite
1188 991 1262 1023 un

253 1065 523 1123 troupeau
555 1049 621 1103 de
646 1048 844 1103 boeufs.
883 1053 1032 1102 Dans
1057 1068 1146 1102 ces
1168 1046 1265 1101 dif-

250 1128 455 1183 ferents
481 1147 592 1191 cas,
622 1147 759 1180 ceux
783 1128 875 1202 qui
901 1128 1144 1200 agissent
1166 1146 1265 1200 par

249 1205 490 1278 legerete
515 1219 567 1258 et
594 1225 707 1258 non
743 1224 900 1280 pour
922 1203 1152 1258 faciliter
1188 1225 1262 1257 un

252 1282 339 1335 vol
379 1299 501 1336 sont
535 1295 696 1336 tenus
724 1303 825 1356 par
854 1302 964 1335 une
998 1284 1178 1336 action
1211 1303 1264 1334 ιη

234 1362 482 1434 sacuam,-
508 1362 646 1414 mais
674 1363 716 1414 si
742 1362 954 1414 Mevius
978 1380 1008 1412 a
1033 1359 1156 1413 aide
1182 1362 1266 1414 Ti-

252 1440 358 1491 tius
375 1443 405 1491 a
421 1452 747 1492 commettre
765 1459 836 1492 un
854 1436 960 1502 voi,
980 1450 1103 1491 tous
1119 1436 1262 1491 deux

251 1536 321 1570 en
345 1531 471 1570 sont
491 1531 670 1570 tenus.
713 1518 797 1569 On
843 1515 1030 1569 donne
1066 1535 1264 1569 encore

248 1593 374 1647 aide
410 1608 463 1648 et
495 1593 706 1648 conseil
763 1613 901 1668 pour
939 1606 1264 1647 commettre

254 1693 328 1725 un
342 1671 447 1737 vol,
464 1672 545 1726 1οι
551 1693 654 1747 squ
673 1691 743 1725 on
762 1672 918 1746 piace
934 1691 1042 1724 une
1056 1670 1264 1725 echelle

247 1769 380 1804 sous
407 1769 516 1803 une
538 1749 764 1814 fenet1e,
797 1749 880 1803 lor
885 1770 988 1826 squ
1009 1769 1083 1801 on
1122 1748 1264 1802 brise

252 1827 302 1880 la
329 1827 538 1881 fenetre
562 1848 633 1881 ou
663 1827 712 1880 ia
738 1841 911 1901 porte,
951 1826 1059 1880 afin
1094 1847 1167 1902 qu
1173 1823 1263 1878 'un

199 1919 409 1959 ‘autre
452 1925 777 1960 consomme
812 1904 859 1958 15
894 1904 1010 1972 vol;
1039 1923 1110 1957 ou
1136 1903 1268 1957 lors—

252 1982 417 2058 qu'on
444 1989 595 2058 prete
621 1984 717 2037 des
739 1985 1103 2037 instruments
1127 2002 1267 2054 pour

243 2060 385 2114 *faire
425 2060 712 2116 effraction
738 2103 750 2125 ,
791 2081 863 2114 ou
908 2080 1015 2112 une
1056 2058 1266 2113 echelle

252 2138 396 2212 pour
431 2138 714 2194 escalader
759 2138 837 2192 les
875 2138 1135 2196 fenetres,
1176 2156 1264 2190 sa-

251 2215 423 2270 chant
449 2218 576 2271 bien
603 2216 742 2270 dans
772 2215 903 2292 quel
930 2215 1029 2269 but
1055 2214 1121 2268 ils
1144 2227 1267 2268 sont

248 2298 594 2368 zempruntes.
640 2299 727 2348 Du
764 2308 924 2358 reste,
966 2293 1108 2348 celui
1149 2294 1264 2368 qui,

252 2391 380 2426 sans
441 2374 660 2427 fournir
712 2391 894 2426 aucun
948 2370 1070 2425 aide
1128 2390 1269 2444 pour

251 2465 577 2505 commettre
622 2449 672 2504 le
712 2449 821 2512 vol,
864 2448 1051 2503 donne
1090 2447 1268 2502 seule-

203 2534 208 2539 “
247 2540 406 2581 ment
433 2528 528 2583 des
560 2528 795 2582 conseils
820 2542 873 2582 et
899 2527 996 2582 des
1022 2526 1269 2581 exhorta·

253 2607 414 2673 tionS‚
440 2605 578 2660 n'est
601 2626 700 2680 pas
716 2619 851 2659 tenu
876 2606 944 2660 de
968 2604 1183 2659 l'action
1204 2603 1270 2658 de

256 2682 364 2738 vol.

334 2772 422 2815 12.
466 2765 569 2816 Les
604 2780 906 2836 personnes
947 2763 1268 2815 soumisesa

251 2837 303 2891 la
343 2842 634 2913 puissance
682 2838 808 2892 d'un
859 2838 1160 2893 ascendant
1198 2859 1270 2893 ou

254 2915 301 2969 d'
309 2937 381 2969 un
416 2925 1039 2982 1naitre,commettent
1076 2918 1272 2971 verita-

254 2993 499 3047 blement
545 3015 620 3047 un
673 2994 760 3048 vol
818 2993 1021 3070 lOisqu
1025 2994 1158 3049 elles
1196 2994 1271 3048 lui

253 3069 350 3124 dei
355 3071 524 3125 obent
584 3072 822 3146 quelque
875 3073 1070 3138 chose,
1133 3083 1272 3128 cette

253 3148 419 3203 chose
462 3148 682 3202 devient
723 3151 958 3215 furtive,
1001 3165 1054 3204 et
1079 3150 1176 3204 nul
1202 3170 1272 3204 ne

255 3246 460 3301 pourra
485 3224 516 3278 1
525 3245 800 3299 usucaper
840 3241 956 3280 tant
982 3248 1055 3304 qu
1059 3225 1179 3282 ’5115
1203 3247 1272 3280 ne

254 3324 375 3357 sera
418 3323 516 3379 pas
558 3305 771 3356 rentree
811 3324 879 3356 au
928 3307 1159 3378 pouvoir
1199 3304 1273 3358 du

256 3382 615 3456 proprietaire
648 3402 658 3433 :
695 3381 1010 3455 cependant
1050 3379 1299 3436 l'action

833 160 1155 207 INSTITUTES
1199 159 1272 199 DE
1317 159 1621 207 JUSTINIEN.

1310 291 1549 326 numero
1572 285 1672 336 est,
1701 275 1795 347 qui
1821 272 1915 326 tibi
1940 290 2200 329 nummos

1311 351 1553 403 excussit
1575 362 1635 403 ut
1655 348 1797 403 alins
1835 369 1927 404 eos
1967 365 2200 425 raperet,

1310 441 1407 480 aut
1422 427 1517 480 tibi
1543 427 1816 482 obstiterit
1840 441 1902 481 ut
1921 426 2064 485 alius
2084 448 2198 481 rem

1312 517 1462 558 tuam
1489 507 1783 578 exciperet,
1809 518 1905 558 aut
1924 525 2054 559 oves
2076 519 2200 560 tuas

1313 581 1396 636 vel
1436 583 1605 637 boves
1650 583 1921 657 fugaverit
1964 596 2025 636 ut
2061 582 2201 639 alius

1312 679 1403 714 eas
1430 661 1735 736 exciperet,
1771 674 1822 714 et
1850 659 1955 714 hoc
1993 674 2202 714 veteres

1312 740 1654 812 scripserunt
1694 737 1759 791 de
1803 759 1867 792 eo
1897 738 1992 814 qui
2019 757 2203 812 panno

1313 816 1480 882 rubro
1505 815 1717 890 fugavit
1737 831 2068 870 armentum.
2098 814 2201 869 Sed

1314 895 1354 945 si
1383 892 1514 968 quid
1539 914 1730 947 eorum
1767 915 1868 968 per
1899 893 2200 958 lasciviam,

1314 983 1367 1024 et
1394 990 1505 1026 non
1532 971 1659 1026 data
1683 992 1852 1045 opera
1893 986 1954 1025 ut
1989 971 2200 1024 furtum

1313 1047 1716 1115 admitteretur,
1756 1049 1963 1106 factum
2002 1061 2103 1113 est,
2146 1050 2204 1101 in

1314 1126 1518 1181 factum
1561 1129 1704 1182 actio
1751 1126 1869 1181 dari
1915 1124 2104 1191 debet,
2148 1138 2206 1181 at

1316 1204 1408 1258 ubi
1440 1224 1546 1278 ope
1585 1206 1770 1258 Maevii
1788 1206 1966 1266 Titius
1990 1202 2202 1260 furtum

1312 1282 1520 1348 feceiit,
1556 1283 1720 1335 ambo
1755 1282 1882 1336 fuiti
1919 1291 2199 1336 tenentur.

1313 1362 1431 1436 Ope
1453 1358 1682 1413 consilio
1705 1360 1822 1434 ejus
1849 1379 2075 1446 quoque
2099 1358 2206 1412 f-ur

1317 1452 1430 1491 tum
1457 1437 1672 1492 admitti
1694 1436 1926 1502 videtur,
1963 1457 2052 1512 qui
2077 1455 2200 1490 sca-

1313 1515 1392 1570 las
1434 1515 1521 1569 foi
1528 1530 1576 1569 te
1616 1516 1897 1570 fenestris
1894 1515 2202 1590 supponit,

1313 1595 1573 1668 autipsas
1598 1595 1869 1648 fenestras
1891 1592 1978 1646 vel
2001 1593 2203 1646 ostium

1313 1672 1573 1745 effringit,
1616 1685 1676 1725 ut
1717 1671 1855 1725 alius
1888 1672 2098 1733 furtum
2128 1668 2207 1722 fa-

1314 1761 1463 1803 ceret
1482 1791 1494 1814 ,
1546 1751 1709 1823 quive
1751 1749 2085 1803 ferramenta
2133 1745 2206 1800 ad

1313 1826 1750 1900 effringendum,
1791 1839 1895 1880 aut
1928 1824 2106 1879 scalas
2148 1837 2208 1876 ut

1314 1905 1567 1958 fenestris
1584 1917 2056 1992 supponerentur,
2069 1921 2211 1956 com-

1317 1981 1640 2047 modaverit,
1665 1979 2206 2068 scienscujusgratia

1315 2058 1592 2113 commod
1595 2061 1768 2113 iverit
1797 2061 2063 2134 Certequi
2090 2055 2207 2111 nul-

1317 2137 1424 2190 lam
1447 2157 1611 2211 opem
1648 2137 1716 2190 ad
1750 2137 1979 2191 furtum‘
2005 2136 2206 2190 facien-

1317 2215 1447 2268 dum
1495 2214 1780 2280 adhibuit,
1841 2213 1939 2268 sed
1992 2227 2206 2268 tantum

1317 2292 1608 2347 consilium
1650 2292 1800 2346 dedit
1831 2307 1998 2368 atque
2034 2291 2209 2345 horta-

1317 2385 1406 2424 tus
1430 2369 1601 2424 estad
1627 2371 1836 2424 furtum
1870 2370 2203 2432 faciendum,

1317 2469 1428 2503 non
1451 2459 1671 2503 tenetur
1691 2448 1836 2502 furti.

1399 2772 1489 2816 12.
1534 2762 1603 2815 Hi
1649 2764 1745 2837 qui
1790 2763 1846 2814 in
1896 2761 2233 2834 parentium*

1320 2838 2208 2912 veldominorumpotestatesunt,

1320 2919 1364 2971 si
1390 2937 1504 2971 rem
1532 2919 1608 2971 eis
1632 2917 1964 2991 subiipiunt,
1993 2915 2206 2970 furtum

1321 2994 1547 3070 quidem
1584 2993 1686 3048 illis
1717 2995 1945 3058 faciunt,
1970 3007 2023 3046 et
2046 3012 2130 3045 res
2154 2994 2206 3044 in

1318 3074 1842 3127 furtivamaecausam
1883 3069 2062 3134 cadit,
2110 3089 2210 3123 nec

1321 3150 1391 3204 ob
1428 3150 1483 3204 id
1515 3151 1585 3204 ab
1631 3149 1747 3209 ullo
1770 3148 2002 3220 usucapi
2027 3160 2210 3220 potest

1319 3242 1617 3302 antequam
1650 3228 1706 3278 in
1734 3224 1939 3278 domini
1974 3238 2209 3298 potesta-

1323 3319 1433 3357 tem
1449 3317 1789 3358 reveitatm:
1813 3301 1907 3355 sed
1926 3302 2052 3356 furti
2069 3303 2211 3356 actio

1324 3401 1435 3434 non
1457 3382 1699 3435 nascitui
1705 3382 1861 3455 ‚quit
1892 3401 1923 3432 n
1932 3399 1993 3433 ec
2017 3400 2080 3432 cx
2106 3378 2211 3432 ulii

255 3458 324 3513 de
365 3459 449 3514 vol
488 3457 718 3514 n'existe
744 3478 840 3534 pas
865 3502 877 3523 ,
920 3479 1014 3513 car
1059 3478 1274 3513 aucune
1323 3458 1433 3512 ulla
1491 3478 1656 3512 rausa
1716 3470 1894 3533 potest
1934 3460 2077 3512 inter
2118 3476 2211 3510 505
