2300 3886
750 227 757 234 -
810 210 974 250 LIVRE
1010 211 1097 262 1v,
1145 211 1308 253 TITRE
1347 213 1421 254 vl.
1708 215 1710 218 ’
1865 239 1872 246 -
1968 194 2084 259 3l13

135 311 358 372 ‚fundus
412 312 529 390 ejus
585 328 760 380 esset,
814 328 1029 389 partem
1052 310 1059 365 l
1079 314 1110 368 il
1157 335 1224 369 en
1287 315 1620 395 revendique
1673 317 1982 372 seulement
2036 318 2088 372 la

151 389 434 463 dimidiam
462 413 618 446 suam
641 412 759 446 esse
792 394 1027 467 petierit,
1082 395 1291 460 inoitie,
1319 393 1357 447 il
1385 415 1454 449 ne
1483 408 1641 453 court
1673 415 1854 451 aucun
1880 397 2083 473 risque.

149 469 268 523 sine
289 470 538 544 periculo
559 471 685 545 agit.
1919 476 1922 479 ’

218 603 314 652 *In
339 604 557 666 reliquum
592 609 710 655 enim
747 607 1034 654 nihilominus
1149 609 1215 654 En
1240 610 1366 663 effet,
1394 608 1571 668 d’apres
1602 623 1688 655 une
1719 609 2006 657 constitution
2035 612 2092 658 de

151 669 327 732 *Judex
360 673 663 720 adversarium
698 677 744 721 in
782 675 934 721 eodem
954 676 1034 734 ju-
1084 676 1259 730 zenon,
1301 676 1455 735 prince
1488 675 1756 723 d⁷heureuse
1791 677 2025 731 memoire,
2051 678 2092 724 le

153 733 313 785 *dicio
339 740 616 795 condemnat,
645 756 699 788 ex
723 742 1038 788 constitutione
1061 719 1327 827 {defendeur
1351 748 1421 788 est
1444 742 1689 788 condamne
1715 757 1824 802 pour
1851 744 1891 790 le
1914 745 2094 804 surplus

154 801 308 852 *divae
331 807 554 853 memoriae
576 809 778 855 Zenonis.
795 809 820 835 ³¹⁶
1086 810 1199 856 dans
1224 809 1263 854 la
1287 809 1432 856 meme
1450 809 1667 856 instance.

235 939 326 986 35.
365 933 416 986 Si
449 934 572 1007 quis
612 932 759 986 aliud
803 953 902 1008 pro
933 931 1040 985 alio
1163 947 1253 993 35.
1298 932 1448 987 Celui
1502 936 1594 1009 qui
1655 932 1926 987 demande
1987 954 2096 988 une

138 1006 453 1069 vintenderit
481 1009 612 1063 nihil
656 1031 783 1064 eum
830 1009 1258 1084 pericli-leliose
1293 1031 1436 1087 pour
1486 1031 1593 1064 une
1632 1024 1788 1065 autre
1829 1031 1899 1064 ne
1943 1029 2102 1068 court

156 1085 255 1138 tari
279 1083 481 1159 placet,
503 1089 589 1141 sed
619 1092 674 1139 z‘n
698 1087 1039 1162 εο(Ιειη]”ιιάἰρ
1091 1111 1272 1146 aucun
1306 1091 1510 1164 risque.
1551 1093 1702 1142 Nous
1746 1088 1821 1142 lui
1861 1102 2098 1163 permet-

156 1164 261 1225 cio,
303 1167 511 1238 coqm'ta
549 1172 791 1231 veritate,
825 1185 1041 1218 errorem
1096 1183 1235 1234 tons,
1271 1165 1348 1222 s'il
1382 1168 1655 1221 (lecouvre
1690 1165 1743 1219 la
1789 1168 1992 1231 verite,
2035 1165 2103 1220 de

157 1259 306 1292 suum
326 1247 572 1315 cot-reyere
590 1245 641 1296 ei
654 1246 1002 1319 permittimus
1026 1265 1042 1296 .·
1095 1246 1330 1300 rectifier
1349 1263 1447 1297 son
1473 1264 1665 1298 erreur
1686 1242 1822 1297 dans
1850 1243 1901 1296 la
1922 1249 2103 1298 meme

151 1315 330 1387 vveluti
367 1320 411 1372 si
436 1321 479 1373 is
507 1325 600 1395 qui
630 1319 909 1374 hominem
950 1320 1044 1374 Sti·
1095 1325 1341 1377 instance
1367 1343 1377 1374 :
1407 1340 1504 1394 par
1523 1321 1788 1396 exemple,
1824 1319 2105 1397 lorsqu'on

157 1391 323 1448 chum
350 1410 533 1469 petere
558 1397 803 1464 deberet,
824 1401 1046 1452 Erotem
1095 1398 1639 1455 demandel’esclave
1658 1402 1791 1452 Eros
1810 1419 1880 1452 au
1900 1398 2010 1452 lieu
2037 1398 2105 1452 de

160 1475 404 1546 petierit3
432 1489 527 1529 aut
553 1477 596 1529 si
627 1477 748 1551 quis
777 1495 841 1528 ex
877 1488 1043 1528 testa-
1095 1478 1313 1533 Stichus
1332 1500 1344 1543 3
1363 1497 1434 1530 ou
1449 1474 1726 1551 lorsqu’on
1742 1478 2105 1550 soutientque

161 1564 349 1604 mento
391 1551 493 1610 sibi
529 1551 644 1606 dari
688 1566 943 1626 oportere
973 1554 1047 1605 in·
1096 1555 1146 1609 le
1168 1552 1477 1609 sle'fendeur
1509 1567 1591 1607 est
1622 1566 1757 1607 tenu
1794 1551 1862 1607 de
1895 1552 2107 1607 donner

139 1626 430 1696 ‘tenderit,
477 1629 626 1706 quod
668 1651 733 1684 ex
778 1628 1045 1704 stipulatu
1097 1653 1205 1686 une
1246 1631 1411 1686 chose
1455 1651 1523 1685 en
1567 1644 1726 1685 vertu
1769 1629 1896 1684 d'un
1938 1643 2108 1684 testa-

162 1702 411 1760 debetur.
1100 1723 1267 1778 ment,
1291 1708 1473 1763 tandis
1498 1707 1624 1784 qu'il
1647 1707 1697 1762 la
1720 1707 1833 1762 doit
1857 1728 1924 1761 en
1953 1720 2107 1761 vertu

112 1783 114 1785 ’
203 1785 208 1787 ’
1101 1786 1263 1841 d'une
1290 1785 1634 1860 stipulation.

179 1875 183 1878 ’
244 1870 334 1916 36.
359 1862 497 1915 Sunt
515 1861 1047 1938 praetereaquaedam
1175 1874 1266 1920 36.
1303 1866 1388 1918 On
1429 1863 1705 1936 distingue
1745 1883 1944 1917 encore
1985 1882 2107 1915 cer-

160 1939 409 1992 ,actiones
439 1938 639 2012 quibus
677 1959 787 1992 non
811 1938 1047 1993 solidum
1100 1943 1274 1995 taines
1315 1941 1525 1994 actions
1571 1960 1672 2014 par
1725 1939 2016 2015 lesquelles
2059 1939 2109 1992 le

169 2014 318 2091 quod
359 2015 519 2069 nobis
565 2014 827 2083 debetur,
875 2037 1052 2090 perse·
1099 2017 1680 2072 demandeurobtient
1710 2017 1953 2071 tantotln
1978 2030 2110 2071 tota·

169 2096 416 2169 quimur,
467 2091 563 2146 sed
607 2092 772 2147 modo
814 2091 1049 2148 solidum
1102 2095 1193 2150 lite
1220 2095 1287 2149 de
1320 2114 1381 2149 ce
1412 2097 1505 2170 qui
1546 2094 1622 2148 lui
1659 2110 1741 2149 est
1784 2094 1888 2157 du,
1938 2102 2111 2148 tantot

169 2172 590 2247 consequimur,
623 2170 788 2224 modo
833 2174 1048 2237 mium,
1103 2175 1279 2227 moins
1316 2195 1326 2226 :
1372 2193 1472 2248 par
1497 2172 1777 2248 exemple,
1829 2170 2108 2248 lorsqu'on

107 2255 112 2319 J
172 2262 232 2303 ut
278 2267 425 2317 ecce,
453 2250 497 2302 si
541 2250 596 2301 in
637 2248 912 2322 peculium
961 2250 1051 2303 filii
1101 2253 1211 2324 agit
1244 2249 1460 2326 jusqu'a
1497 2269 1872 2303 concurrence
1902 2249 1974 2303 du
2018 2253 2111 2324 pe'-

170 2326 382 2381 servive
409 2345 636 2401 agamus
667 2346 833 2381 :nam
866 2319 907 2381 si
941 2346 1054 2381 non
1102 2329 1220 2382 cule
1253 2325 1381 2381 d'un
1415 2326 1498 2380 fils
1528 2326 1596 2381 de
1630 2327 1838 2380 famille
1872 2347 1942 2380 ou
1980 2327 2112 2380 ‹l'un

168 2405 353 2458 minus
396 2406 451 2458 in
498 2401 714 2480 peculio
763 2407 830 2459 sit
886 2425 1054 2481 quam
1102 2405 1332 2459 esclave.
1362 2409 1444 2458 En
1477 2404 1637 2469 effet‚
1674 2406 1717 2458 si
1746 2403 1792 2457 la
1830 2404 2016 2458 valeur
2036 2402 2110 2459 du

135 2484 578 2558 -persequimur‚
606 2483 660 2534 in
693 2481 932 2536 solidum
954 2481 1052 2535 do·-
1104 2481 1296 2558 pecule
1355 2480 1489 2536 n'est
1547 2502 1645 2556 pas
1699 2481 1993 2536 inferieure
2041 2502 2112 2536 au

168 2560 354 2613 minus
376 2573 597 2635 paterve
627 2558 1050 2624 condemnatum
1073 2519 1080 2594 1
1104 2572 1355 2613 montant
1377 2558 1445 2612 de
1467 2558 1515 2612 la
1537 2558 1830 2625 demande,
1850 2559 2112 2630 lemaitre

173 2636 372 2690 sivero
393 2639 577 2689 minus
604 2638 936 2701 inveniatur,
962 2656 1054 2689 ea-
1103 2658 1173 2690 ou
1200 2638 1244 2690 le
1269 2639 1399 2712 pere
1435 2652 1518 2690 est
1552 2635 1862 2691 condamne
1891 2657 2036 2710 pour
2058 2635 2112 2691 la

108 2721 111 2724 ’
173 2727 338 2767 tenus
360 2712 692 2767 condemnat
711 2711 901 2787 judex,
926 2734 1055 2791 qua-
1103 2715 1335 2782 totalite3
1381 2717 1518 2767 mais
1545 2757 1557 2779 ,
1599 2733 1667 2766 en
1710 2733 1801 2767 cas
1846 2712 2113 2767 d’insuffi-

175 2802 339 2846 tenus
380 2793 434 2843 in
470 2789 698 2864 ¹peculio
739 2794 825 2845 sit.
854 2794 1056 2860 Quem·
1107 2811 1294 2855 sance,
1324 2792 1374 2845 la
1403 2790 1826 2845 condamnation
1855 2790 2112 2846 n’excede

175 2865 478 2921 admodum
536 2882 720 2921 autem
778 2867 1053 2942 peculium
1106 2889 1203 2943 pas
1248 2869 1299 2922 la
1348 2867 1540 2922 valeur
1578 2867 1655 2922 du
1689 2866 1903 2941 pecule.
1957 2873 2110 2923 Nous

175 2943 403 3018 intelligi
447 2943 646 2998 debeat
668 2987 680 3009 ,
724 2964 822 2999 suo
865 2945 1057 2999 ordine
1107 2965 1438 3021 exposerons
1461 2965 1528 2998 en
1559 2960 1735 3018 temps
1762 2959 1815 2998 et
1835 2944 1940 2999 lieu
1961 2965 2112 2999 com-

175 3041 571 3096 proponemuS.
1108 3035 1260 3076 ment
1284 3021 1398 3076 doit
1431 3027 1542 3076 etre
1565 3023 1757 3078 evalue
1783 3023 1833 3076 le
1861 3021 2071 3097 pecule.

253 3108 347 3155 37.
375 3103 513 3152 Item
543 3142 555 3164 ‚
584 3102 626 3152 si
661 3097 728 3153 de
749 3098 875 3152 dote
910 3097 1057 3170 judi·
1185 3110 1277 3155 37.
1336 3100 1743 3167 Pareillement,
1796 3097 2109 3174 lorsqu'une

177 3176 259 3255 ciq
283 3175 485 3230 mulier
512 3192 666 3251 agat,
695 3176 877 3250 placet
917 3191 1058 3231 eate-
1112 3178 1310 3231 femme
1336 3180 1447 3252 agit
1471 3197 1614 3252 pour
1654 3197 1713 3231 sa
1737 3177 1861 3241 dot,
1896 3176 1947 3228 le
1973 3178 2111 3230 mari

179 3270 283 3304 nus
306 3255 563 3307 maritum
595 3255 950 3309 condemnari
972 3254 1061 3309 de·
1110 3254 1223 3307 doit
1244 3260 1358 3308 ‘e'tre
1396 3254 1705 3308 condamne
1734 3251 1955 3327 jusqu'a
1978 3272 2112 3305 con-

181 3326 311 3381 bere
346 3342 616 3403 quatenus
642 3332 823 3386 facere
853 3335 1059 3406 possit,
1111 3351 1378 3385 currence
1403 3327 1483 3385 de*
1506 3351 1567 3385 ce
1602 3329 1731 3407 qu'il
1776 3343 1908 3404 peut
1943 3328 2109 3396 faire,

180 3402 235 3457 id
280 3417 386 3470 est,
449 3422 719 3481 quatenus
773 3408 1062 3465 facultates
1113 3409 1449 3464 c’est-a·dire
1472 3409 1539 3463 de
1566 3428 1626 3463 ce
1667 3426 1773 3482 que
1812 3413 2026 3481 permet
2052 3427 2114 3461 sa

186 3485 303 3552 ejus
328 3484 628 3555 patiuntur.
657 3488 876 3561 Itaque,
904 3489 946 3541 si
969 3487 1063 3542 do-
1113 3488 1349 3542 fortune.
1423 3488 1598 3550 Ainsi,
1662 3481 1903 3560 lorsqu'il
1966 3506 1995 3537 a
2063 3483 2112 3538 le
