2300 3886
209 219 324 282 '482

205 360 451 413 reconnu
483 346 515 395 a
540 343 636 418 qui
658 345 974 417 appartient
1005 342 1057 396 la
1084 363 1215 418 pos-

206 421 435 484 session,
462 419 497 472 il
524 439 640 474 sera
662 421 982 494 impossible
1012 420 1216 476 d'exer-

203 515 295 548 cer
321 495 536 550 l'action
561 499 829 571 petitoire,
872 519 964 554 car
998 498 1048 553 le
1073 498 1214 553 droit

201 573 326 626 civil
350 588 403 628 et
428 575 476 628 la
497 578 677 630 raison
697 577 967 631 naturelle
996 578 1214 631 veulent

201 670 309 726 que
374 651 485 707 l'un
539 653 804 728 possede,
863 655 1044 709 tandis
1106 675 1212 729 que

195 725 390 783 l⁷autre
414 730 751 807 revendique
784 748 977 786 contre
1014 732 1062 784 le
1093 752 1212 804 pos-

198 825 444 874 sesseur,
484 823 537 861 et
561 828 778 863 comme
800 811 850 863 la
874 812 1109 885 position
1135 810 1207 862 du

767 235 1089 276 INSTITUTES
1136 235 1209 274 DE

196 904 523 958 possesseur
587 895 670 940 'est
728 889 1015 959 beaucoup
1081 887 1206 960 plus

194 977 564 1038 avantugeuse
593 984 699 1040 que
726 965 858 1018 celle
881 964 958 1018 du
981 964 1209 1018 deman·-

194 1038 349 1107 deur,
380 1044 412 1094 il
454 1040 652 1095 s'eleve
679 1057 910 1096 souvent
952 1057 1004 1096 et
1050 1061 1205 1116 pres—

191 1135 300 1192 que
346 1120 596 1194 toujours
648 1118 715 1173 de
760 1119 1207 1194 graves‘de'bats

192 1213 288 1248 sur
311 1195 362 1249 la
394 1199 711 1270 possession
745 1203 944 1251 meme.
984 1201 1058 1250 La
1092 1218 1208 1271 pos-

191 1276 403 1326 session
444 1274 581 1328 offre
622 1289 708 1328 cet
750 1291 1019 1349 avantage
1061 1295 1204 1350 que,

190 1353 434 1426 quoique
480 1350 527 1404 la
581 1351 747 1406 chose
792 1352 1206 1427 n’appartienne

188 1447 290 1502 pas
314 1449 383 1482 au
414 1449 755 1503 possesseur,
780 1432 1131 1494 neanmoinS,
1159 1432 1202 1484 si

187 1507 239 1558 le
274 1505 620 1561 demandent·
649 1529 716 1562 ne
757 1510 1007 1583 parvient
1049 1528 1145 1583 pas
1174 1515 1202 1562 εὶ

187 1602 426 1657 prouver
449 1585 575 1661 qu'il
613 1606 681 1639 en
711 1601 793 1640 est
819 1588 1199 1661 proprietaire,

1255 234 1559 277 JtJSTINIEN.

1266 343 1336 395 rit
1382 345 1558 396 utrius
1603 363 1797 397 eorum
1853 346 2148 419 possesssio

1265 423 1362 488 sit,
1386 441 1499 474 non
1539 435 1713 495 potest
1736 423 1987 496 petitoria
2008 424 2151 476 actio

1266 500 1501 564 institui,
1533 502 1659 574 quia
1694 515 1747 553 et
1777 499 1950 553 civilis
1977 513 2031 553 et
2055 520 2152 554 na-

1264 575 1450 630 turalis
1473 579 1610 630 ratio
1633 577 1762 631 facit
1782 592 1842 631 ut
1864 577 2002 632 alius
2026 598 2152 652 pos-

1262 653 1637 717 sideat,aliusa
1653 654 1967 729 possidente
1985 669 2160 730 petat.-

1260 735 1326 784 Et
1348 734 1478 807 quia
1507 732 1670 806 longe
1700 733 2045 787 commodius
2067 748 2151 788 est

1264 809 1544 880 possidere
1556 813 1736 883 potius
1751 832 1920 887 quam
1939 825 2149 887 petere,

1260 887 1383 941 ideo
1427 886 1752 963 plerumque
1792 905 1843 943 et
1877 889 1990 943 fere
2013 902 2150 942 sem'-

1261 985 1356 1039 per
1395 966 1587 1041 ingens
1638 966 1818 1019 existit
1870 969 2154 1031 contentiov

1258 1042 1323 1096 de
1345 1045 1462 1117 ipsa
1495 1045 1860 1117 possessione.
1896 1048 2149 1098 Commo-

1257 1119 1390 1175 dum
1419 1136 1604 1175 autem
1634 1120 1950 1196 possidendi
1990 1125 2044 1175 in
2084 1142 2148 1176 eo

1257 1198 1525 1276 estquod,
1551 1201 1764 1253 etiamsi
1784 1198 1901 1275 ejus
1923 1219 2007 1254 res
2035 1219 2146 1254 non

1256 1279 1323 1330 sit
1342 1279 1434 1354 qni
1457 1275 1720 1353 possidet,
1743 1276 1973 1333 simodo
1993 1291 2145 1332 actor

1259 1374 1368 1409 non
1409 1358 1645 1430 potuerit
1682 1375 1837 1409 suam
1884 1374 2004 1409 esse
2024 1357 2153 1431 pro'-

1259 1434 1406 1497 bare,
1431 1446 1677 1487 remanet
1719 1453 1819 1487 suo
1862 1430 1985 1487 loco
2024 1453 2149 1508 pos-

1256 1514 1423 1566 sessio
1438 1535 1449 1573 ;
1474 1526 1702 1586 propter
1718 1510 1885 1587 quam
1901 1512 2123 1565 causam
2135 1557 2148 1579 ,

1257 1611 1383 1644 cum
1411 1589 1646 1644 obscura
1689 1603 1819 1643 sunt
1857 1586 2151 1666 utriusque,

151 1730 155 1734 ᾗ
188 1662 241 1714 la
255 1682 574 1736 possession
593 1677 733 1717 reste
747 1664 884 1718 dans
901 1663 979 1717 les
996 1668 1207 1717 memes
1252 1666 2149 1742 jura,contrapetitoremjudicari

189 1742 367 1793 mains
395 1762 405 1793 :
431 1742 597 1808 aussi,
624 1741 850 1817 lorsque
872 1740 921 1794 le
937 1741 1081 1794 droit
1100 1760 1207 1794 res·
1257 1745 1412 1799 solet.
1455 1743 1559 1800 Sed
1598 1743 1887 1798 interdicto
1917 1741 2144 1819 quidem

189 1819 479 1892 pectifdes
515 1823 717 1893 parties
751 1833 896 1872 reste
920 1820 1202 1883 incertain,
1258 1841 1349 1876 UT1
1391 1840 1687 1876 PosslossTls
1741 1819 1810 1874 de
1866 1821 2021 1875 fundi
2044 1818 2150 1876 'vel

191 1898 243 1948 16
278 1895 409 1971 juge
453 1895 855 1972 prononce·t—il
916 1909 1104 1950 contre
1160 1895 1208 1949 le
1259 1900 1463 1954 aedium
1496 1900 1843 1973 possessione
1870 1898 2152 1953 contendi-

193 1973 552 2029 demandeur.
570 1973 944 2029 L'interdituti
951 1973 1211 2049 possidetis
1263 1993 1371 2043 tur,
1396 1995 1594 2031 UTRUBI
1618 1996 1750 2030 vero
1774 1975 2065 2031 interdicto
2086 1975 2155 2032 de
2176 1975 2178 1978 ’

195 2071 466 2106 concerne
489 2052 538 2105 la
557 2055 874 2128 possession
899 2051 1029 2105 d'un
1053 2050 1212 2105 fonds
1264 2075 1452 2109 rerum
1471 2054 1757 2108 mobilium
1782 2057 2152 2130 possessione.

194 2150 267 2184 ou
294 2129 419 2183 d’un
445 2130 731 2199 batiment,
757 2128 1020 2183 l'interdit
1039 2130 1214 2182 uertubi
1262 2137 1511 2204 Quorum
1547 2134 1625 2185 vis
1663 2153 1726 2187 ac
1749 2146 1993 2208 potestas
2022 2133 2152 2210 'plu-

196 2206 359 2261 66116
395 2207 491 2262 des
550 2206 728 2283 objets
793 2207 1088 2262 inobiliers.
1146 2208 1215 2260 lls
1269 2214 1462 2264 rimam
1506 2213 1648 2263 inter
1688 2231 1746 2264 se
1785 2209 2155 2265 differentiam

198 2289 449 2352 avaient,
495 2286 629 2341 chez
680 2286 757 2339 les
807 2287 1064 2352 ancienS,
1121 2284 1216 2339 des
1266 2288 1416 2363 apud
1458 2302 1668 2342 veteres
1710 2287 1950 2342 habebat
1984 2310 1994 2342 :
2025 2309 2150 2343 nam

201 2366 356 2418 el'fets
397 2363 682 2418 differeuts
725 2385 734 2416 :
781 2365 917 2417 dans
963 2363 1220 2418 l'interdit

199 2445 279 2495 uti
294 2441 580 2518 possidetis,
601 2463 671 2496 on
694 2441 952 2517 preferait
968 2443 1109 2496 celui
1126 2443 1218 2517 qui

205 2520 485 2595 possedait
501 2542 571 2574 au
590 2535 838 2574 moment
853 2519 920 2573 de
944 2518 1216 2584 l'interdit,

206 2618 424 2672 pourvu
457 2619 565 2674 que
603 2598 651 2651 la
683 2601 998 2672 possession
1040 2619 1107 2652 ne
1139 2599 1222 2652 fut

207 2696 306 2749 pas
341 2696 549 2742 venue,
579 2675 646 2729 de
690 2696 790 2729 son
836 2676 1149 2729 advers-aire
1193 2681 1221 2729 a

207 2753 302 2819 lui,
317 2774 416 2827 par
435 2755 700 2818 violence,
723 2753 1221 2807 clandestinement

210 2850 281 2883 ou
314 2834 741 2905 precairement,
787 2851 911 2885 sans
940 2834 1224 2886 examinet·

211 2907 484 2962 d'ailleurs
501 2908 581 2962 s'il
599 2911 744 2963 avait
768 2913 864 2963 use'
887 2908 954 2963 de
978 2909 1223 2963 violence

137 3055 147 3062 .
209 3006 353 3062 pour
383 2986 641 3061 expulser
664 2985 759 3040 des
780 2989 941 3053 tierS,
970 3008 1041 3041 ou
1066 2987 1218 3041 clan-

209 3064 583 3118 destinement
603 3066 727 3116 saisi
747 3063 868 3118 leur
888 3069 1221 3139 possession,

211 3162 282 3195 ou
316 3143 720 3218 precairement
751 3142 958 3196 obtenu
988 3144 1148 3197 d'eux
1171 3144 1222 3196 la

210 3219 414 3274 faculte'
429 3219 497 3273 de
513 3218 791 3294 posseder.
807 3224 952 3273 Dans
967 3218 1224 3274 l'interdit

211 3299 408 3363 utrubi,
436 3318 507 3351 on
530 3298 787 3372 prefefflit
804 3296 944 3349 celui
963 3302 1058 3373 qui
1080 3301 1225 3351 avait

1269 2384 1356 2420 UTI
1414 2384 1709 2424 POSSIDETIS
1767 2365 2063 2420 interdicto
2107 2368 2152 2422 is

1272 2444 1553 2509 vincebat,
1583 2445 1675 2519 qui
1714 2443 1984 2499 interdicti
2022 2459 2155 2497 tem-

1273 2542 1403 2595 pore
1431 2521 1766 2598 possidebat,
1799 2523 1840 2574 si
1871 2521 2035 2574 inodo
2053 2541 2156 2576 nec

1272 2602 1319 2653 vi
1345 2620 1445 2653 nec
1467 2598 1607 2654 clam
1635 2619 1736 2653 nec
1760 2599 2007 2674 precario
2031 2618 2158 2654 nac-

1273 2693 1358 2732 tus
1383 2678 1564 2732 fuerat
1587 2678 1657 2732 ab
1679 2677 1993 2730 adversario
2025 2678 2155 2753 pos'-

1273 2758 1575 2810 sessionem
1600 2799 1612 2822 ,
1641 2756 1853 2810 etiamsi
1891 2754 2063 2808 alium
2104 2758 2156 2808 vi

1273 2831 2159 2908 expulerat‚autclamabripuerat

1271 2910 1506 2965 alienam
1569 2912 2015 2987 possessionem,
2060 2923 2159 2964 aut

1275 2992 1516 3064 precario
1567 3003 1854 3064 rogaverat
1912 2988 2153 3063 aliquem

1275 3082 1332 3122 ut
1367 3066 1468 3121 sibi
1508 3065 1788 3142 possidere
1825 3063 2032 3130 liceret;
2058 3082 2156 3120 UT-

1272 3164 1392 3200 nusst
1429 3165 1555 3199 vero
1589 3143 1878 3199 interdicto
1904 3144 1946 3194 is
1970 3143 2155 3196 vince-

1273 3225 1540 3298 bat,‘qui
1587 3219 1791 3295 majore
1839 3232 1994 3293 parte
2035 3218 2155 3295 ejus

1270 3302 1399 3354 anni
1421 3319 1520 3354 nec
1549 3302 1598 3353 vi
1619 3317 1721 3351 nec
1743 3296 1885 3350 clam
1907 3315 2010 3350 nec
2035 3317 2157 3374 pre-

213 3377 446 3451 possede'
479 3375 725 3450 pendant
765 3373 815 3427 la
853 3373 979 3450 plus
1015 3376 1220 3449 grande
1271 3381 1416 3430 cario
1458 3376 1526 3430 al.)
1565 3375 1880 3431 adversarlo
1909 3375 2157 3449 posside-

212 3456 389 3529 partie
431 3454 498 3507 de
541 3453 786 3518 l'annee,
840 3471 1060 3527 pourvu
1112 3473 1220 3529 que
1267 3456 1378 3510 bat.

212 3546 356 3585 cette
379 3535 693 3606 possession
716 3550 783 3585 ne
799 3529 883 3585 fnt
899 3549 994 3604 pas
1016 3550 1118 3584 ven
1129 3551 1212 3594 ue,
