2300 3886
759 165 951 218 sti-vni:
983 166 1078 221 tv,
1127 166 1290 213 11⁷1*ssss
1328 167 1472 213 *inc-2
1508 129 1551 214 :ss

1946 151 2081 212 339>

129 275 308 348 agit'ur
323 275 494 329 actori
507 275 822 337 satisfaciat,
840 273 1008 327 veluti
1057 275 1256 327 (iamne
1284 273 1622 349 lo'rsqu’ilssne
1643 273 1841 328 „donne
1868 295 1965 351 pas
1987 298 2055 330 33

130 364 245 406 rem
274 357 522 407 restituat
542 351 624 406 vel
654 351 902 406 exhibeat
927 351 1010 404 vel
1057 349 1397 404 demandent·
1424 353 1473 404 13
1513 350 1846 406 satisfaction
1885 352 2070 408 detes-2

0 436 12 465 ⁸
130 428 333 496 solvat,
380 430 576 503 velt-‚ex
622 427 806 483 noxali
846 447 1010 482 33353

129 524 352 569 servum
401 501 600 570 dedat,
655 504 1010 566 condemnari

129 583 346 651 debeat.
369 582 474 640 Sed
491 586 610 638 istae
630 585 871 644 actiones
901 598 1012 637 tam

128 664 185 716 in
232 683 344 716 reni
394 681 560 737 quam
613 662 674 714 in-
718 680 1010 734 personam

131 741 487 796 inveniuntur
511 760 521 791 :
547 740 602 791 in
645 758 758 792 rem
787 782 798 801 ,
842 737 1013 792 veluti

130 817 463 892 Publiciana,
493 817 738 869 serviana
763 815 829 868 de
848 815 1013 869 rebus

131 894 349 957 coloni,
392 895 547 969 quasi
602 895 852 947 serviana
890 912 1013 968 quae

131 973 291 1038 etium
331 969 724 1046 hypothecaria
757 983 1011 1036 vocatur,

133 1051 184 1102 in
232 1068 533 1124 personam,
564 1047 761 1114 veluti,
812 1047 1014 1126 quibus

96 1132 99 1134 ’
131 1126 292 1199 deco
324 1129 512 1202 ,33133
536 1125 687 1203 quod
712 1139 808 1178 aut
833 1139 1013 1179 metus

131 1223 297 1272 causa
324 1219 420 1258 aut
460 1201 586 1258 dolo
625 1203 769 1257 malo
810 1203 1013 1257 factum

131 1296 231 1352 est,
255 1284 385 1337 item
420 1300 546 1334 cum
586 1279 640 1334 id
682 1279 829 1357 quod
868 1295 1016 1335 certo

132 1356 252 1432 1030
290 1361 626 1432 promissum
665 1374 746 1412 est
789 1358 1012 1432 petitur.

131 1437 212 1509 Ad
235 1435 606 1493 exhibendum
627 1455 850 1511 quoque
876 1438 1016 1490 actio

134 1535 199 1569 ex
221 1514 445 1569 arbitrio
468 1512 672 1588 judicis
700 1512 926 1588 pendet.
955 1518 1017 1567 In

131 1590 216 1650 his
237 1595 381 1646 enim
403 1590 710 1646 actionibus
734 1606 787 1644 et
808 1592 1016 1645 caeteris

134 1669 404 1743 similibus
461 1669 796 1743 permittitur
842 1667 1015 1744 judici

134 1767 202 1812 ex
228 1746 372 1818 bono
412 1744 464 1813 et
504 1765 666 1823 aequo
710 1746 1014 1800 secundum

135 1817 502 1899 cujiisque³i¹ei'
519 1821 586 1876 de
607 1843 715 1898 qua
732 1836 916 1877 actum
938 1839 1018 1877 est
1046 1838 1049 1840 “

135 1915 390 1971 naturam
407 1943 419 1967 ‚
448 1903 720 1955 aestimare
746 1899 1012 1975 quemad-

136 1977 364 2031 modum
379 1978 547 2032 33ῑοιῆ
571 1976 827 2054 satisfieri
853 1997 1017 2052 opor·

136 2070 262 2109 teat.

213 2143 303 2189 32.
348 2137 553 2188 Curare
608 2145 795 2190 autem
855 2130 1020 2186 debet

0 2223 27 2285 ξ·
128 2208 302 2285 judex
326 2224 386 2264 ut
407 2209 745 2274 omnimode,
768 2219 1020 2284 quantum

0 2291 10 2305 ⁹
129 2289 365 2363 possibile
387 2293 438 2341 er'
467 2292 548 2353 sit,
579 2305 738 2341 certae
770 2290 1018 2362 pecuniae

134 2368 222 2419 vel
227 2368 637 2430 rez'sententiam
659 2365 817 2430 ferat,
839 2366 1019 2418 etiamn

133 2446 177 2497 si
207 2442 274 2498 de
311 2445 519 2507 incerta
547 2444 849 2519 quantitate
870 2440 1016 2517 apud

135 2540 261 2575 euin
283 2533 470 2585 actum
493 2534 593 2575 est.

214 2684 306 2732 33.
334 2678 386 2731 Si
412 2677 534 2752 quis
563 2694 728 2749 agens
758 2676 812 2727 in
838 2674 1016 2727 inten-

138 2755 284 2806 tione
306 2772 405 2806 533
426 2753 548 2826 plus
567 2751 886 2826 compiexus
907 2751 1020 2804 fue-

139 2832 207 2884 rit
246 2850 413 2906 quam
449 2827 528 2883 ad·
550 2846 677 2882 eum
701 2832 1015 2904 pertineret,

138 2927 302 2962 33353
341 2906 570 2961 cadebat
590 2949 602 2971 ,
644 2905 697 2960 id
724 2919 822 2979 est
846 2949 860 2972 ,
882 2926 1017 2978 ,rem

137 2984 444 3051 amittelmt3
485 3003 587 3037 nec
613 2981 768 3050 facile
795 2979 846 3036 in
883 2985 1020 3036 inte-

138 3083 295 3137 grum
313 3083 344 3116 3
359 3076 588 3137 praetore
611 3058 1017 3124 restituebatur,

132 3143 244 3215 nisi
260 3143 435 3211 minor
449 3152 563 3193 erat
579 3138 1021 3213 vigintiquinque

67 3282 70 3285 Ι
123 3218 293 3292 ‘annis
319 3239 330 3270 z
354 3215 483 3271 huic
501 3218 648 3270 enim
670 3217 810 3268 sicut
829 3217 882 3268 in
902 3214 1020 3268 aliis

141 3285 318 3347 333515
354 3312 516 3347 33353
542 3295 759 3368 cognita
796 3311 1019 3346 succur—

141 3369 384 3436 rebatur',
425 3372 470 3440 si
508 3369 695 3445 lapsus
733 3368 1022 3446 juventute

143 3446 354 3514 fuerat,
394 3445 467 3500 ita
517 3461 570 3501 et
618 3449 671 3500 in
712 3445 818 3501 hac
855 3466 1022 3502 33353

1058 430 1236 482 minee
1283 448 1379 502 par
1427 427 1730 483 l'arbz'trium
1792 429 1865 484 du
1906 434 2079 507 juge,

1059 507 1163 559 soit
1206 524 1275 559 en
1316 507 1635 573 restituant,
1679 507 1942 562 exhibant
1989 528 2062 563 ou

1059 581 1337 656 payantla
1371 581 1566 648 chose,
1610 587 1715 638 soit
1754 605 1823 639 en
1865 586 2065 639 faisant

1060 659 1354 714 l'abandon
1374 660 1537 714 noxal
1556 659 1685 714 d'un
1708 662 1934 717 esclave.
1957 666 2062 718 Ces

1059 739 1272 791 actions
1317 750 1445 790 sont
1492 736 1683 791 reelles
1723 759 1795 792 ou
1840 761 2063 813 person·

1060 814 1232 868 331135
1269 836 1279 867 ;
1323 813 1548 880 reelleS,
1590 834 1805 870 comme
1841 817 2060 872 l'action

1063 891 1438 967 publicienne,
1508 890 1723 946 l'action
1773 898 2062 949 servienne

1063 990 1157 1023 sur
1193 969 1268 1024 les
1321 969 1478 1024 effets
1520 967 1595 1023 du
1648 970 1896 1036 fermier,
1940 971 2066 1026 l'ac-

1065 1050 1176 1101 tion
1222 1050 1379 1124 quasi
1404 1049 1690 1102 servienne
1714 1091 1725 1111 ,
1756 1062 2070 1104 autreinent

1063 1123 1172 1179 dite
1199 1124 1624 1199 hypothecaire3
1657 1127 2038 1200 personnelles
2058 1167 2070 1184 ,

1064 1222 1279 1257 comme
1300 1200 1514 1257 l'action
1532 1204 1675 1277 quod
1694 1215 1857 1258 metus
1878 1226 2032 1259 causa
2054 1247 2068 1270 ‚

1068 1278 1281 1334 l'action
1330 1279 1398 1333 de
1461 1279 1551 1333 dol
1595 1294 1647 1335 et
1710 1280 1925 1337 l'action
1977 1303 2064 1337 re-

1064 1356 1227 1411 lative
1267 1377 1372 1412 aux
1413 1356 1608 1412 choses
1631 1360 1894 1434 payables
1927 1359 2063 1413 dans

1067 1455 1141 1488 un
1182 1436 1292 1489 lieu
1334 1433 1658 1490 determine.
1713 1435 1954 1499 L'action
1998 1437 2078 1507 acl,

1064 1513 1404 1565 exhibendum
1469 1511 1687 1587 clepens]
1758 1515 2067 1588 egolement

1066 1590 1133 1643 de
1165 1588 1475 1643 [arbitrium
1505 1589 1580 1643 du
1614 1594 1760 1666 juge.
1783 1597 1932 1647 Dans
1978 1613 2068 1647 ces

1065 1669 1270 1722 actions
1317 1681 1371 1721 et
1391 1681 1576 1722 autres
1626 1669 1987 1737 selnblableS‚
2030 1669 2070 1724 il.

1066 1760 1146 1799 est
1183 1747 1391 1821 permis
1429 1765 1499 1798 33
1528 1743 1656 1820 juge
1696 1745 2071 1822 d'apprecier‚

1066 1821 1281 1897 d'apres
1309 1821 1526 1898 l’equite
1560 1837 1613 1876 et
1643 1825 1861 1878 suivant
1894 1824 1947 1878 13
1979 1846 2078 1879 33-

1068 1913 1187 1953 ture
1226 1899 1572 1974 particuiiere
1612 1898 1680 1953 de
1728 1901 1943 1978 chaque
1980 1899 2076 1957 raf-

1066 1975 1220 2043 faire,
1236 1976 1285 2030 13
1305 1976 1641 2032 satisfaction
1661 1976 1791 2053 qu'il
1814 1978 1929 2033 faut
1952 1979 2084 2035 don-

1047 2074 1162 2107 ner
1198 2074 1268 2108 au
1309 2053 1669 2107 demandeur.

1110 2164 1111 2167 =
1143 2140 1235 2187 32.
1260 2135 1335 2186 Le
1355 2129 1490 2207 juge
1510 2130 1626 2186 doit
1646 2130 1896 2208 toujours
1919 2138 2073 2189 avoir

1067 2210 1186 2269 soin
1212 2229 1319 2284 que
1338 2229 1397 2262 sa
1419 2222 1678 2263 sentence
1695 2228 1863 2284 porte,
1884 2227 2090 2268 autaut-

1067 2306 1174 2362 que
1202 2287 1336 2340 faire
1361 2306 1418 2340 se
1442 2299 1590 2361 peut,
1618 2307 1713 2340 sur
1732 2307 1843 2342 une
1863 2310 2073 2344 somme

1067 2383 1137 2416 ou
1189 2383 1283 2417 sur
1325 2382 1435 2417 une
1475 2362 1643 2416 chose
1705 2364 2072 2435 determinee,

1067 2440 1254 2516 quand
1279 2445 1462 2495 meme
1488 2460 1559 2494 on
1581 2443 1856 2516 anraitagi
1874 2444 2076 2509 devant

1068 2518 1146 2571 lui
1182 2539 1324 2594 pour
1360 2539 1470 2574 une
1510 2517 1700 2572 valeur
1747 2521 2071 2577 indetermi-

1069 2615 1184 2650 nee.

1144 2683 1236 2729 33.
1266 2676 1340 2728 Le
1357 2672 1696 2729 demandeur
1718 2679 1811 2751 qui
1836 2696 2076 2753 compre-

1072 2753 1184 2804 nait
1219 2750 1357 2805 dans
1395 2771 1494 2805 son
1537 2755 1746 2806 intentio
1784 2753 1910 2827 plus
1944 2753 2076 2829 qu'il

1069 2827 1268 2882 n'avait
1292 2827 1453 2895 droit,
1484 2832 1766 2884 encourait
1795 2831 2072 2886 (13311333-

1068 2925 1148 2971 33,
1187 2903 1528 2959 c'est-a-dire
1561 2906 1687 2982 qu'il
1722 2908 1938 2984 perdait
1973 2929 2074 2963 son

1070 2986 1280 3056 130335,
1321 2996 1374 3036 et
1415 2981 1602 3051 n'etait
1634 3004 1733 3059 pas
1759 2985 2075 3040 facilement

1068 3059 1295 3113 restitue
1317 3079 1384 3113 en
1408 3061 1583 3114 entier
1600 3082 1700 3136 par
1715 3061 1765 3116 13
1783 3066 2025 3138 preteur,
2040 3068 2073 3116 3

1071 3138 1243 3191 moins
1263 3135 1394 3212 qu'il
1410 3158 1477 3191 ne
1492 3138 1577 3192 fut
1594 3140 1809 3194 mineur
1825 3139 1890 3193 (13
1908 3143 2072 3214 vingt-

1069 3216 1194 3290 cinq
1217 3234 1336 3268 ans.
1371 3218 1521 3269 Dans
1555 3235 1616 3270 ce
1657 3236 1767 3280 335,
1812 3237 1875 3270 33
1920 3215 2068 3281 esset,
2120 3253 2132 3267 .-

1069 3311 1282 3346 comme
1307 3290 1444 3346 dans
1467 3305 1616 3347 toute
1641 3306 1795 3347 autre
1828 3296 2072 3348 circons-

1069 3383 1245 3436 tance,
1266 3389 1335 3424 on
1357 3369 1634 3424 accordait
1647 3390 1716 3424 33
1732 3369 2073 3426 demandeur

1070 3446 1120 3501 le
1141 3466 1366 3501 secours
1390 3445 1556 3524 qu'on
1582 3445 1832 3515 accorde,
1860 3467 1928 3502 en
1949 3468 2075 3520 303-
