2300 3886
810 194 971 245 [ivan
1016 205 1103 256 iv,
1153 205 1313 244 ‘rrruiz
1359 205 1447 246 xv.

241 319 288 366 3.
324 308 712 385 Adipiscendse'
741 311 1044 384 possessio-

163 389 247 441 nis
274 408 436 442 causa
459 387 813 442 interdictum
842 404 1049 441 accom-

164 464 701 520 modaturbonorum
721 466 1045 539 possessori,

162 541 311 616 quod
355 542 931 619 appellatuv‘qoonmr
956 560 1048 597 Bo-

162 637 368 674 NORUM.
392 621 722 696 Ejusquevis
739 634 1048 692 etpotestas

163 695 282 750 hacc
304 712 418 764 est,
443 712 501 752 ut
535 697 685 772 quod
714 700 865 752 exiis
889 697 1047 750 bonis

164 777 399 850 quisque
463 795 699 850 quorum
771 777 1049 848 possessio

163 851 324 905 alicui
341 852 466 926 data
488 866 587 918 est,
614 874 712 926 pro
732 852 935 906 herede
957 866 1053 905 aut

163 949 262 1004 pro
304 950 621 1005 possessore
647 929 953 1006 possideat,
996 930 1050 983 id

165 1009 213 1060 ei
232 1010 319 1060 cui
342 1009 613 1062 bonorum
635 1010 908 1084 possessio
925 1007 1053 1061 data

165 1098 247 1137 est
309 1089 598 1140 restituere
663 1084 880 1139 debeat.
948 1090 1052 1140 Pro

164 1160 365 1221 herede
386 1177 571 1217 autem
592 1162 877 1239 possidere
899 1161 1020 1216 vide
1035 1194 1050 1204 -

164 1251 292 1306 tur,
335 1245 429 1318 qui
470 1254 628 1316 putat
685 1260 742 1294 se
787 1240 1052 1294 heredem

164 1335 312 1383 esse3
352 1339 452 1393 pro
482 1337 798 1394 possessore
822 1319 866 1371 is
890 1319 1055 1392 possi-

165 1392 275 1462 det,
300 1400 395 1472 qui
429 1396 582 1450 nullo
603 1396 727 1471 jure
751 1415 870 1449 rem
896 1395 1050 1449 here·

165 1469 417 1527 ditariam
437 1473 524 1527 vel
552 1477 716 1527 etiam
751 1486 923 1527 totam
959 1472 1054 1527 he—

166 1548 468 1617 reditatem,
514 1553 697 1605 sciens
738 1549 807 1604 ad
844 1570 902 1604 se
945 1571 1053 1604 non

88 1638 91 1640 ’
165 1631 472 1702 pertinere,
504 1628 769 1703 possidet.
800 1627 1052 1681 Idea-au-

164 1719 276 1758 tem
295 1705 668 1782 adipiscendae
688 1707 1055 1780 possessionis

95 1804 98 1806 ’
164 1797 391 1838 vocatur
417 1783 769 1837 interdictum
791 1785 969 1858 ‚quia
1009 1786 1055 1836 ei

169 1873 389 1915 tantum
427 1860 557 1914 utile
623 1873 705 1913 est
765 1863 858 1933 qui
904 1878 1058 1914 nunc

166 1940 411 2012 primum
445 1951 679 1990 conatur
714 1936 939 2011 adipisci
982 1939 1054 1990 rei

166 2018 581 2090 possessionem
608 2037 618 2068 ε
645 2017 830 2089 itaque
864 2018 903 2067 si
932 2017 1055 2088 quis

166 2092 399 2169 adeptus
421 2094 828 2169 possessionem
844 2094 1055 2145 amise-

166 2172 238 2224 rit
273 2190 424 2240 eam,
467 2170 574 2224 hoc
611 2169 966 2224 interdictum
1008 2171 1055 2223 ei

159 2248 360 2302 ‘inutile
394 2262 493 2302 est.
539 2246 897 2301 Interdictum
920 2267 1055 2323 quo-

169 2345 279 2401 que
313 2325 463 2401 quod
504 2323 819 2400 appellatur
850 2324 1053 2379 Salvia-

167 2423 321 2469 num,
353 2401 714 2479 adipiscendae
751 2405 1049 2478 possessio·

167 2483 255 2535 nis
307 2500 473 2535 causa
523 2493 906 2555 comparatum
954 2494 1052 2544 est,

169 2578 345 2634 eoque
384 2560 555 2612 utitur
602 2557 859 2612 dominus
903 2555 1054 2611 fundi

170 2634 237 2688 de
261 2635 424 2688 rebus
469 2634 649 2689 coloni
689 2655 826 2711 quas
870 2637 913 2688 is
954 2654 1055 2709 pro

170 2711 520 2766 mercedibus
553 2712 710 2766 fundi
731 2714 949 2787 pignori
971 2712 1055 2766 fu-

168 2804 322 2843 turas
348 2791 664 2864 pepigisset.

245 2879 300 2925 [ι.
330 2867 650 2928 Retinendae
690 2869 1055 2942 possessionis

170 2964 336 2998 causa
358 2958 675 3019 comparata
721 2958 849 2998 sunt
885 2958 1055 2998 inter-

170 3021 313 3076 dicta
332 3041 424 3076 UTI
448 3040 735 3076 POSSIDETIS
761 3035 814 3075 et
834 3039 1053 3084 primm,

170 3120 296 3154 cum
320 3101 387 3154 ab
410 3113 645 3175 utraque
665 3113 820 3174 parte
841 3097 908 3151 de
935 3119 1058 3172 pro-

115 3216 119 3218 >
171 3180 398 3250 prietate
438 3177 669 3252 alicujus
713 3179 791 3230 rei
834 3190 1058 3230 contro-

173 3257 352 3308 versia
393 3257 485 3321 sit,
527 3268 580 3309 et
627 3268 754 3308 ante
796 3256 1060 3331 quaeritur

173 3332 741 3405 uterexlitigatoribus
757 3331 1056 3407 possidere,

175 3422 227 3461 et
265 3422 384 3461 uter
425 3423 612 3482 petere
637 3410 867 3464 debeat:
903 3430 1058 3463 nam-

175 3505 282 3561 que
306 3486 405 3538 nisi
426 3499 552 3540 ante
576 3487 917 3560 exploratum
938 3487 1056 3542 fue-

411 3586 456 3614 Π.

1984 192 2085 255 [184

1174 321 1227 365 3.
1257 315 1402 363 Ponr
1419 311 1672 387 aequerir
1696 308 1743 364 la
1759 315 2099 386 possession,

1095 407 1163 439 on
1203 388 1388 441 donne
1414 409 1483 441 au
1510 407 1836 462 possesseur
1857 389 1925 443 de
1948 390 2102 445 biens

1095 484 1170 516 un
1199 464 1422 517 interdit
1463 466 1652 540 ‘appele'
1689 488 1908 541 quorum
1950 470 2103 521 bono,

1096 562 1231 595 rtem.
1247 540 1525 595 Parl'effet
1539 542 1701 597 decet
1719 545 1961 612 interdit,
1976 548 2104 620 qui-

1097 638 1313 694 conque
1338 618 1566 693 possede
1593 664 1605 686 ,
1644 640 1858 676 comme
1892 623 2109 677 he‘ritier

1097 716 1169 750 ou
1211 715 1427 749 comme
1472 717 1823 770 possesseur‚
1867 700 2107 777 quelque

1098 774 1247 848 objet
1262 773 1577 848 dependant
1594 774 1755 829 d'une
1771 781 2103 837 succession,

1099 867 1179 904 est
1201 866 1334 905 tenu
1359 850 1428 904 de
1450 850 1500 904 le
1520 855 1774 906 restituer
1795 859 1824 907 a
1847 855 1991 909 celui
2011 858 2108 932 qui

1100 949 1129 982 a
1153 928 1358 982 obtenu
1383 928 1431 981 la
1474 932 1788 1002 possession
1834 932 1901 986 de
1934 933 2108 988 biens.

1105 1005 1336 1060 Possede
1375 1026 1592 1060 comme
1635 1007 1862 1062 heritier
1901 1009 1950 1063 le
1991 1031 2114 1085 pos-

1102 1103 1324 1138 sesseurx
1346 1085 1439 1159 qui
1466 1104 1524 1138 se
1554 1087 1692 1139 croit
1717 1085 1967 1154 heritier3
1991 1109 2114 1162 pos-

1103 1162 1231 1215 sede
1255 1181 1470 1215 comme
1496 1182 1822 1237 possesseur
1848 1164 1990 1218 celui
2018 1167 2113 1240 qui

1103 1238 1371 1312 possede‚
1417 1258 1544 1292 sans
1584 1260 1765 1294 aucun
1815 1241 1990 1308 droit,
2036 1264 2112 1297 un
2167 1291 2169 1293 ,

1102 1314 1615 1391 objet·hereditaire
1639 1339 1711 1372 ou
1747 1325 1927 1374 meme
1961 1334 2113 1375 toute

1102 1392 1380 1447 l'he'redite
1417 1393 1547 1468 qu'il
1582 1398 1684 1449 seit
1716 1417 1784 1450 ne
1808 1417 1906 1470 pas
1937 1404 2053 1452 etre
2079 1404 2111 1452 εὶ

1108 1471 1198 1524 lui.
1222 1473 1308 1524 On
1332 1470 1411 1524 dit
1432 1471 1499 1525 de
1518 1486 1605 1526 cet
1629 1473 1850 1527 interdit
1870 1473 1998 1550 qu'il
2018 1476 2116 1529 fait

1103 1548 1423 1624 acquerirla
1441 1552 1779 1623 possession,
1800 1572 1967 1626 parce
1987 1552 2111 1629 qu’il

1103 1645 1174 1678 ne
1193 1625 1389 1698 profite
1409 1626 1530 1702 qu’a
1546 1647 1683 1681 ceux
1702 1631 1795 1704 qui
1818 1629 2118 1685 cherchent

1105 1708 1133 1755 a
1159 1703 1375 1757 obtenir
1395 1724 1536 1779 pour
1572 1704 1620 1757 la
1644 1710 1915 1781 premiere
1935 1708 2095 1762 foisla

1109 1782 1439 1854 possession.
1478 1782 1520 1834 Il
1563 1795 1646 1836 est
1682 1783 1828 1837 donc
1866 1785 2060 1841 inutile
2087 1791 2118 1840 a

1106 1872 1242 1911 ceux
1271 1860 1363 1932 qui
1398 1872 1491 1912 ont
1523 1859 1699 1933 perdu
1726 1859 1775 1913 la
1804 1866 2119 1935 possession

1106 1934 1240 1987 dont
1276 1935 1340 1988 ils
1380 1938 1581 1989 etaient
1620 1940 1866 1992 investis.
1898 1939 2118 1995 L'inter-

1106 2011 1183 2064 dit
1208 2012 1369 2087 qu'on
1404 2013 1620 2087 appelle
1659 2016 1878 2071 Salvien
1905 2017 1998 2071 fait
2025 2040 2116 2094 pa-

1105 2089 1412 2157 reillement
1433 2095 1684 2166 acquerir
1706 2092 1756 2145 la
1777 2098 2112 2169 possession,

1105 2184 1157 2219 et
1201 2186 1258 2220 se
1298 2166 1483 2222 donne
1518 2189 1587 2222 au
1636 2174 1994 2245 proprietaire
2039 2174 2117 2228 du

1105 2243 1263 2298 fonds
1285 2288 1296 2309 ,
1325 2245 1707 2301 relativement
1729 2268 1835 2302 aux
1858 2250 2014 2304 effets
2041 2251 2114 2305 du

1104 2321 1355 2387 fermier,
1396 2324 1620 2379 affectes
1658 2346 1758 2398 par
1793 2346 1854 2380 ce
1896 2327 2114 2382 dernier

1106 2405 1132 2453 ἐι
1168 2399 1217 2453 la
1240 2404 1422 2455 surete
1444 2400 1541 2456 des
1566 2402 1852 2477 sermageS.

1181 2874 1233 2921 Δ.
1262 2865 1374 2918 Ont
1402 2867 1486 2919 e'te
1512 2867 1807 2925 introduits
1825 2891 1967 2946 pour
1987 2894 2114 2929 con-

1107 2961 1294 2995 server
1318 2941 1368 2994 la
1391 2946 1700 3017 possession
1724 2992 1735 3012 ,
1762 2948 1839 3003 les
1861 2952 2110 3006 interdits

1108 3021 1187 3070 uli
1212 3020 1471 3093 possidetis
1506 3037 1558 3076 et
1599 3027 1792 3090 utrubi,
1815 3025 2052 3103 lorsqu’il
2078 3050 2114 3104 y

1105 3117 1134 3149 a
1183 3100 1541 3154 contestation
1592 3121 1687 3156 sur
1734 3100 1783 3156 la
1836 3108 2114 3179 propriete

1107 3172 1268 3227 d'une
1292 3175 1477 3243 chose,
1514 3193 1567 3232 et
1593 3178 1719 3255 qu’il
1754 3178 1906 3253 s'agit
1926 3183 1992 3235 de
2018 3181 2112 3236 (le—

1107 3250 1255 3304 cider
1272 3253 1702 3328 pre'alablement
1720 3258 1847 3330 quel
1870 3272 1952 3312 est
1968 3259 2110 3313 celui

1107 3328 1201 3382 des
1218 3329 1496 3403 plaideurs
1517 3337 1609 3407 qui
1636 3333 1948 3406 possedera,
1969 3336 2113 3391 celui

1107 3409 1202 3482 qui
1245 3427 1302 3462 se
1350 3424 1568 3483 portera
1616 3410 1974 3468 demandeur.
2030 3419 2109 3468 En

1107 3484 1233 3538 esset
1258 3529 1268 3551 ,
1316 3499 1431 3539 tant
1476 3507 1582 3562 que
1627 3486 1734 3540 l'on
1779 3487 1964 3545 n'aura
2014 3512 2112 3567 pas

1761 3581 1807 3616 31
