2300 3886
251 202 368 261 310

249 323 412 378 d'une
459 343 772 399 personne,
826 337 879 377 et
930 323 1077 377 enfin
1122 321 1261 377 dans

247 401 536 476 beaucoup
574 399 815 456 d'autres
846 402 953 455 cas.
1009 407 1013 411 ’

284 525 286 527 .
327 489 379 532 2.
412 482 499 532 Un
523 478 749 532 homme
787 492 868 533 est
899 480 1125 550 injurie,
1150 499 1262 533 non

248 556 557 611 seulement
607 577 709 633 par
756 557 1077 623 lui-nieme,
1123 559 1260 610 mais

248 654 448 688 encore
467 655 567 710 par
587 634 663 690 les
683 636 900 699 enfants
923 634 1052 710 qu'il
1077 655 1109 688 a
1132 655 1260 688 sous

246 731 307 765 sa
333 713 647 786 puissance,
694 715 830 767 ainsi
871 733 978 788 que
1017 732 1120 787 par
1161 731 1259 765 son

245 791 482 863 epouse3
518 810 613 844 car
642 805 782 844 cette
816 791 1042 865 opinion
1073 809 1100 842 a
1137 793 1258 865 pre-

820 215 1141 280 INSTiTUTEs
1184 216 1257 256 DE

244 866 390 920 valu.
430 860 579 922 Ainsi
619 866 901 945 lorsqu'on
934 866 1131 939 injurie
1157 888 1285 920 une.

218 943 358 999 fille
391 946 460 1000 de
502 945 708 999 familie
745 948 947 998 mariee
987 950 1018 998 a
1059 947 1258 1010 Titius„

242 1020 461 1077 l'action
484 1023 612 1094 d'inj
624 1044 721 1077 ure
739 1037 872 1098 peut
887 1028 1000 1076 etre
1015 1025 1259 1077 intentee

245 1113 363 1154 tant
388 1101 463 1154 du
488 1101 618 1156 chef
642 1100 708 1154 de
742 1115 882 1155 cette
915 1101 1118 1155 senune
1153 1121 1259 1176 que

243 1177 318 1231 du
349 1177 483 1231 chef
527 1179 594 1233 de
639 1200 740 1232 son
781 1183 913 1254 pere
955 1192 1007 1233 et
1051 1177 1117 1233 de
1156 1200 1256 1233 son

242 1258 399 1308 mari.
440 1261 517 1309 Au
549 1259 821 1311 contraire
842 1300 854 1324 ‚
890 1255 1100 1332 l'injure
1131 1256 1260 1312 faite

239 1353 311 1385 au
343 1336 481 1387 inari
501 1355 571 1388 ne
594 1333 780 1389 donne
805 1339 833 1387 a
863 1333 912 1388 ia
935 1333 1139 1402 femme
1161 1356 1258 1389 au-

243 1431 385 1464 cune
420 1415 603 1466 action
632 1434 642 1465 :
672 1413 705 1465 il
744 1427 826 1467 est
856 1411 1004 1487 juste
1036 1433 1103 1466 en
1128 1414 1259 1467 effet

1302 200 1611 258 JUSTINIEN.

1311 322 1488 377 modis
1528 323 1742 377 admitti
1783 323 2045 402 injuriam
2080 346 2195 382 ma-

1309 401 1573 455 nifestum
1607 414 1705 456 est.

1386 488 1436 531 2.
1462 481 1671 533 Patitur
1696 493 1879 533 autem
1900 483 2024 556 quis
2047 479 2203 556 inju⁴

1311 557 1446 609 riam
1484 577 1598 610 non
1646 557 1825 610 solum
1867 572 2196 632 persemet-

1309 634 1520 707 ipsum,
1554 634 1652 690 sed
1688 637 1850 689 etianti
1873 648 1971 710 per
1996 635 2202 701 liberos

1309 731 1439 764 suos
1463 732 1599 787 quos
1633 715 1686 766 in
1711 726 1981 787 potestate
2002 713 2196 780 habet3

1309 791 1440 841 item
1485 809 1583 862 per
1620 811 1847 845 uxorem
1890 811 2048 846 suam
2091 813 2100 845 z
2143 793 2199 847 id

1310 868 1456 920 enim
1478 870 1651 942 magis
1673 868 1975 943 praevaluit.
2006 875 2200 946 Itaque

1309 946 1351 996 si
1409 943 1536 998 filiae
1592 943 1828 1021 alicujus
1877 967 2004 1022 quae
2052 950 2200 1003 Titio

1307 1035 1480 1098 nupta
1522 1036 1605 1076 est
1627 1066 1639 1088 ,
1682 1024 1942 1098 injuriam
1966 1025 2196 1093 seceriS,

1307 1100 1616 1155 nonsolum
1629 1099 1750 1155 filiae
1767 1104 1990 1156 nomine
2013 1115 2198 1157 tecum

1304 1180 1642 1253 injuriarum
1697 1181 1783 1254 agi
1841 1193 2060 1256 potest,
2104 1182 2200 1237 sed

1308 1259 1471 1310 etiam
1514 1258 1685 1331 patris
1734 1277 1956 1334 quoque
2002 1271 2056 1312 et
2089 1275 2235 1314 ma-·

1308 1336 1395 1387 riti
1436 1335 1679 1388 nomine.
1705 1337 1911 1389 Contra
1936 1339 2219 1407 anterusi*

1306 1414 1427 1466 viro
1473 1409 1674 1486 injuria
1716 1411 1860 1466 facta
1901 1416 2008 1481 sit,
2059 1418 2202 1470 ux0r

243 1508 350 1564 que
375 1489 424 1542 la
446 1489 651 1543 femme
674 1494 779 1544 soit
802 1493 1059 1564 protegee
1090 1511 1190 1566 par
1208 1492 1258 1544 le
1308 1488 1638 1564 injuriarum
1665 1510 1827 1564 agere
1849 1511 1964 1545 non
1986 1505 2198 1567 potest:

243 1569 409 1632 mari,
443 1566 625 1640 plutot
649 1588 758 1643 que
785 1568 834 1621 lc
866 1571 1003 1621 mari
1031 1573 1258 1643 protege
1280 1575 1284 1652 j
1307 1567 1530 1622 defendi
1565 1570 1712 1621 enim
1751 1589 1948 1623 uxores
1985 1591 2015 1623 a
2051 1571 2198 1637 viriS,
2250 1576 2252 1578 ’

240 1665 340 1719 par
376 1644 428 1697 la
451 1644 677 1699 fernme.
715 1650 790 1699 Le
812 1646 1135 1720 beau-pere,
1163 1667 1257 1722 qui

237 1720 341 1776 ale
374 1724 509 1798 inari
531 1743 662 1776 sous
690 1744 748 1776 sa
780 1725 1095 1799 puissance‚
1127 1739 1258 1797 peut

1305 1666 1416 1699 non
1431 1648 1576 1700 viros
1589 1645 1657 1699 ab
1672 1645 1955 1710 uxoribuS,
1971 1667 2199 1724 aequum

1306 1738 1405 1777 est.
1428 1723 1532 1778 Sed
1544 1737 1597 1776 et
1613 1743 1770 1777 socer
1784 1744 1819 1777 n
1830 1744 1962 1778 urus
1977 1728 2200 1780 nomine

241 1802 388 1854 aussi
425 1820 651 1854 exercer
685 1799 899 1854 l'action
928 1798 1160 1875 d'injure
1184 1801 1256 1853 du
1307 1799 1466 1875 cujus
1494 1803 1578 1854 vir
1599 1803 1657 1854 in
1683 1809 1952 1874 potestate
1978 1817 2093 1869 est,
2119 1806 2200 1856 in-

239 1876 373 1931 chef
391 1877 460 1931 de
487 1899 545 1931 sa
576 1866 695 1932 bru.

320 1966 371 2010 3.
395 1958 478 2010 Οι]
507 1955 761 2028 n'injurie
782 1976 879 2031 pas
905 1954 984 2010 les
1013 1955 1258 2010 esclaves

1300 1878 1575 1954 juriarum
1600 1898 1764 1952 agere
1797 1893 1998 1953 potest.

1385 1965 1440 2010 3.
1468 1958 1646 2011 Servis
1688 1970 1878 2010 autem
1915 1960 2048 2032 ipsis
2073 1960 2199 2034 qui-

244 2033 782 2104 personnellei‘i’ient3
834 2035 971 2087 mais
1025 2031 1155 2088 c'est
1207 2034 1259 2088 le
1307 2033 1435 2088 dem
1459 2033 1612 2087 nulla
1635 2031 1837 2108 injuria
1857 2034 2201 2090 fieriintelli-

240 2117 436 2164 maitre
462 2114 555 2186 qui
598 2126 679 2166 est
714 2109 915 2187 injurie
947 2130 1047 2186 par
1069 2131 1154 2165 scs
1180 2132 1260 2166 es-

242 2187 441 2254 claves‚
470 2209 578 2243 non
603 2209 818 2243 comme
837 2189 874 2242 il
893 2187 941 2242 le
965 2192 1128 2243 serait
1159 2210 1261 2264 par

243 2285 330 2337 ses
360 2266 586 2349 ⁸enfants
629 2288 699 2321 ou
741 2288 842 2341 par
880 2286 981 2320 son
1021 2270 1229 2341 epouse
1246 2313 1258 2335 ‚

242 2346 382 2398 mais
409 2344 713 2399 seulement
746 2343 1025 2422 lorsqu’on
1058 2365 1086 2398 a
1114 2366 1261 2400 com-

246 2423 351 2474 mis
371 2422 465 2476 des
482 2428 642 2477 exces
661 2445 734 2478 ou
749 2423 846 2478 des
866 2436 1014 2476 actes
1030 2423 1264 2478 evidetu-

244 2513 400 2552 ment
420 2514 772 2576 cuti-agemus
792 2521 936 2575 pour
957 2500 1006 2554 le
1029 2509 1223 2556 niaitre
1250 2524 1259 2554 z

244 2596 346 2650 pai·
369 2577 622 2652 exemple
642 2622 654 2645 ,
681 2579 901 2655 lorsque
924 2599 1024 2633 Son
1050 2578 1263 2635 esclave

243 2674 274 2707 a
293 2657 379 2708 ete
400 2655 555 2710 battu
581 2655 648 2711 de
670 2677 883 2732 vergeS‚
909 2670 960 2710 et
982 2677 1042 2710 ce
1067 2677 1156 2712 cas
1184 2673 1266 2712 est

251 2752 323 2785 un
368 2732 437 2786 de
485 2754 626 2788 ceux
668 2755 811 2810 pour
854 2734 1095 2810 lesquels
1135 2756 1206 2789 on
1233 2757 1263 2790 a

250 2810 515 2864 introduit
547 2810 794 2879 l'action3
823 2813 958 2866 mais
982 2834 1125 2888 pour
1152 2834 1263 2868 une

250 2885 431 2961 injure
466 2889 685 2944 verbale
705 2934 718 2957 ‚
751 2912 821 2944 ou
850 2908 994 2965 pour
1022 2912 1098 2944 un
1121 2912 1263 2967 coup

250 2962 318 3018 de
363 2967 530 3040 poing
571 2988 699 3040 recu
747 2988 847 3044 par
884 2967 1139 3024 l'esclave
1157 3013 1169 3031 ‚
1214 2969 1263 3023 le

251 3049 448 3096 maitre
470 3041 558 3096 n'a
583 3064 801 3099 aucune
824 3049 1025 3100 action.

328 3210 380 3255 [ι.
411 3195 650 3273 L'injure
691 3199 818 3253 faite
848 3204 877 3252 a
917 3198 1167 3254 l'esclave
1193 3200 1260 3254 de

250 3274 526 3349 plusieurs
545 3280 764 3329 maitres
787 3275 1086 3350 s'apprc-{cie
1108 3279 1259 3352 equi-

256 3352 573 3420 tablement,
619 3374 730 3408 non
769 3375 865 3428 pas
891 3374 958 3407 en
986 3357 1165 3407 raison
1193 3354 1259 3408 cle

252 3430 398 3484 leurs
414 3446 565 3506 parts
579 3434 912 3506 respectives
928 3429 1061 3484 dans
1078 3431 1128 3484 la
1146 3451 1259 3506 pro-

250 3510 427 3581 priete
447 3553 458 3575 ,
497 3512 635 3564 inais
664 3507 877 3585 d'apres
905 3507 954 3563 la
987 3528 1259 3583 personne

1309 2113 1474 2187 gitur,
1495 2111 1591 2166 sed
1608 2110 1834 2166 domino
1852 2133 1952 2186 per
1971 2134 2063 2168 eos
2082 2113 2197 2168 fieri

1310 2188 1553 2257 videtur3
1609 2210 1721 2243 non
1775 2205 1961 2245 tamen
2005 2191 2201 2246 iisdem

1311 2265 1485 2322 modis
1519 2266 1722 2344 quibus
1763 2271 1930 2322 etiam
1955 2269 2200 2344 perlibe-

1310 2365 1399 2399 ros
1444 2360 1496 2398 et
1544 2365 1777 2407 uxore5‚
1821 2345 1918 2400 sed
1953 2349 2024 2400 ita
2073 2366 2202 2402 cum

1311 2422 1447 2499 quid
1523 2426 1763 2477 atrocius
1841 2425 2199 2478 commissum

1312 2502 1493 2566 fuerit,
1517 2514 1572 2554 et
1589 2501 1741 2577 quod
1765 2515 1957 2575 aperte
1980 2501 2051 2555 ad
2074 2519 2201 2556 con-

1315 2577 1598 2633 tumeliam
1666 2578 1871 2633 domini
1928 2581 2153 2654 respicit
2185 2601 2196 2635 ε

1312 2655 1481 2712 veluti
1503 2658 1547 2710 si
1568 2657 1688 2732 quis
1711 2656 1949 2711 alienum
1977 2672 2200 2712 servum

1316 2734 1714 2801 verberaverit,
1743 2747 1796 2789 et
1838 2737 1893 2788 in
1932 2733 2081 2789 hunc
2114 2756 2201 2791 ca-

1313 2833 1437 2867 sum
1482 2813 1626 2866 actio
1665 2815 2003 2887 proponitur.
2049 2819 2116 2867 At
2155 2814 2202 2868 si

1312 2893 1435 2966 quis
1467 2909 1627 2943 servo
1658 2893 1963 2945 convitium
1988 2890 2197 2958 fecerit,

1315 2967 1398 3022 vel
1433 2987 1620 3043 pugno
1659 2987 1786 3021 eum
1832 2970 2196 3042 percusserit,

1313 3046 1466 3099 nulla
1514 3047 1573 3098 in
1616 3065 1745 3098 euin
1788 3047 1928 3099 actio
1972 3044 2198 3098 domino

1310 3123 1590 3197 competit.

1386 3213 1439 3258 [ι.
1453 3201 1503 3253 Si
1518 3199 1799 3251 communi
1822 3216 1978 3251 servo
1997 3199 2199 3272 injuria

1308 3278 1450 3330 facta
1469 3278 1555 3338 sit,
1582 3293 1800 3349 {equum
1825 3290 1926 3341 est,
1961 3295 2074 3329 non
2097 3297 2199 3351 pro

1309 3374 1370 3406 ea
1386 3367 1542 3427 parte
1559 3372 1668 3426 qua
1685 3351 1945 3407 dominus
1961 3355 2197 3430 quisque

1308 3445 1418 3495 est,
1492 3431 1912 3486 aestimationeni
1961 3428 2195 3506 injuriae

1309 3508 1443 3576 fieri,
1469 3507 1561 3563 sed
1595 3528 1659 3562 ex
1686 3507 2040 3564 dominorum-
2073 3527 2194 3585 per—
