2300 3886
779 169 942 210 LIVRE
987 170 1072 224 IV,
1119 170 1285 222 TITRE
1329 171 1450 215 VIII.

145 273 353 329 noxalis
382 293 501 328 esse
539 274 726 349 incipit
758 294 769 326 :
815 293 945 327 nam
981 277 1026 328 si

144 351 282 407 liber
317 351 482 406 homo
528 353 755 405 noxiam
800 356 1027 405 commi-

145 435 304 498 serit,
340 443 394 484 et
429 431 472 484 is
508 448 701 484 servus
743 441 870 483 tuus
907 449 1025 484 esse

143 510 370 583 coeperit
392 506 562 583 (quod
589 504 917 582 quibusdam
946 526 1025 561 ca-

142 586 297 640 sibus
338 585 478 641 effici
517 585 692 658 primo
732 581 872 637 libro
915 598 1024 638 tra-

142 662 415 731 didimus)
452 661 643 736 incipit
680 674 860 714 tecum
908 681 1023 717 esse

141 741 352 796 noxalis
388 739 528 792 actio
568 757 691 813 quae
738 751 900 793 antea
944 739 1024 794 di-

142 834 288 874 recta
318 820 526 873 fuisset.

217 908 271 951 6.
321 899 372 951 Si
420 912 615 947 servus
658 891 884 947 domino
923 916 1021 949 no-

139 978 283 1028 xiam
308 971 662 1036 commiserit,
693 973 835 1025 actio
869 971 1022 1027 nulla

140 1054 422 1106 nascitur:
467 1067 711 1123 namque
749 1050 892 1102 inter
929 1051 1021 1104 do-

139 1132 353 1184 minum
380 1142 434 1184 et
458 1146 586 1182 eum
615 1127 709 1200 qui
745 1127 799 1179 in
842 1141 1021 1200 potes-

140 1222 248 1262 tate
274 1206 391 1283 ejus
432 1219 532 1271 est,
572 1202 724 1256 nulla
764 1203 1022 1279 obligatio

139 1288 290 1340 nasci
314 1298 519 1360 potest3
547 1280 800 1355 ideoque,
822 1295 876 1335 et
896 1284 940 1335 si
965 1285 1020 1336 in

137 1362 371 1418 alienam
437 1370 765 1438 potestatem
830 1379 1021 1414 servus

137 1443 452 1515 pervenerit
505 1449 602 1493 aut
650 1440 1021 1492 manumissus

139 1518 319 1586 fuerit,
346 1537 529 1594 neque
571 1534 701 1599 cum
740 1515 881 1587 ipsc,
927 1536 1022 1603 ne-

138 1616 245 1671 que
289 1615 417 1650 cum
462 1615 526 1649 eo
572 1611 727 1666 cujus
772 1612 922 1645 nunc
968 1614 1021 1646 in

136 1686 408 1747 potestate
449 1675 534 1738 sit,
566 1671 650 1743 agi
681 1681 879 1742 potest.
907 1674 1019 1724 Un-

138 1749 226 1818 de,
251 1754 292 1804 si
319 1750 531 1805 alienus
573 1766 765 1802 servus
802 1749 1019 1801 noxiam

139 1828 235 1882 tibi
270 1828 634 1889 commiserit,
665 1836 718 1876 et
752 1825 797 1875 is
831 1839 1021 1898 postea

138 1907 191 1958 in
214 1919 479 1981 potestate
501 1918 595 1957 tua
628 1920 747 1954 esse
776 1904 1018 1977 coeperit,

137 1983 415 2038 intercidit
453 1984 613 2048 actio,
650 1980 779 2055 quia
809 1982 863 2033 in
895 2000 1019 2033 eum

138 2081 325 2116 casum
378 2061 613 2114 deducta
670 2059 739 2110 sit
791 2059 848 2110 in
911 2077 1021 2132 quo

137 2142 439 2194 consistere
475 2158 589 2192 non
628 2135 823 2209 potuit.
868 2134 1020 2188 Ideo-

138 2237 247 2292 que
265 2218 393 2271 licet
413 2217 604 2271 exierit
626 2212 692 2266 de
714 2226 807 2265 tua
841 2227 1021 2287 potes-

136 2309 264 2360 tate,
287 2314 448 2368 agere
470 2313 582 2348 non
609 2303 796 2366 potes:
826 2310 1018 2365 quem-

136 2371 440 2427 admodum
513 2373 558 2425 si
632 2368 890 2422 dominus
962 2370 1016 2422 in

137 2454 360 2504 servum
380 2469 543 2505 suum
559 2447 768 2522 aliquid
791 2448 1016 2500 commi-

137 2530 283 2593 serit,
314 2548 415 2582 nec
436 2529 481 2583 si
517 2526 893 2580 manumissus
926 2537 1021 2576 aut

106 2655 110 2659 ,
135 2605 404 2659 alienatus
420 2605 589 2658 fuerit
607 2622 817 2669 servus,
839 2600 1014 2655 ullam

136 2684 408 2736 actionem
472 2695 664 2736 contra
726 2679 1013 2733 dominnm

136 2758 341 2814 habere
363 2772 564 2835 potest.

215 2850 265 2894 7.
291 2838 394 2892 Sed
415 2851 624 2892 veteres
648 2833 870 2911 quidem
901 2833 1022 2888 haec

136 2917 266 2971 etin
288 2914 647 2968 filiisfamilias
677 2912 937 2967 masculis
967 2925 1021 2965 et

136 2993 354 3048 feminis
375 2991 668 3046 admisere.

201 3149 327 3195 Nova
343 3154 492 3194 autem
505 3147 734 3193 hominum
745 3143 1022 3193 conversatio

137 3213 388 3273 hujusmodi
426 3215 711 3274 asperitatem
764 3218 883 3259 recte
929 3224 1020 3257 res-

138 3280 358 3340 puendam
375 3294 473 3328 esse
493 3281 778 3335 existimavit,
796 3286 841 3326 et
861 3278 917 3324 ab
935 3291 1019 3324 usu

137 3347 363 3392 communi
378 3346 462 3392 hoc
483 3349 662 3405 penitus
687 3348 889 3394 recessit.
911 3344 1020 3399 Quis

140 3413 255 3459 enim
265 3412 474 3472 patiatur,
486 3413 624 3459 filium
634 3428 765 3460 suum
777 3419 820 3460 et
830 3413 1021 3458 maxime

143 3478 274 3524 filiam
292 3478 336 3524 in
352 3491 511 3525 noxam
529 3479 601 3524 alii
615 3480 739 3536 dare,
752 3487 801 3526 ut
813 3493 927 3540 pene
938 3492 1020 3537 per

1968 157 2085 222 [129

1073 278 1254 330 action
1281 277 1485 332 directe
1509 291 1644 354 peut
1675 279 1823 333 aussi
1861 277 2086 335 devenir

1073 353 1270 408 noxale
1317 377 1326 408 :
1393 376 1461 410 en
1540 356 1673 410 effet
1707 400 1719 422 ,
1795 356 2085 433 lorsqu⁷un

1073 429 1297 486 homme
1332 432 1466 487 libre
1493 447 1730 489 commet
1757 455 1834 489 un
1874 433 2006 489 dei-lit
2030 449 2084 489 et

1073 507 1291 562 devient
1317 524 1471 564 votre
1497 511 1712 566 esclave
1749 517 1836 581 (ce
1874 514 1968 587 qui
2001 532 2085 566 ar-

1072 587 1188 641 rive
1213 607 1282 640 en
1308 586 1581 662 plusieurs
1608 609 1719 656 cas,
1764 589 1900 644 dont
1941 610 2082 644 nous

1071 683 1243 718 avons
1299 665 1455 739 parle
1503 686 1575 719 au
1624 669 1859 741 premier
1897 667 2079 738 livre),

1071 760 1142 795 on
1162 761 1192 795 a
1207 756 1399 796 contre
1412 763 1547 797 vous
1568 763 1677 797 une
1690 747 1868 798 action
1886 747 2085 799 noxale

1071 822 1164 894 qui
1189 833 1534 896 auparavant
1558 823 1686 874 etait
1710 821 1931 876 directe.

1147 909 1202 952 6.
1239 902 1313 952 Le
1339 896 1473 954 delit
1504 900 1735 952 commis
1767 919 1866 972 par
1891 921 1965 953 un
2008 921 2082 955 es-

1071 973 1223 1030 clave
1249 995 1447 1030 envers
1485 995 1587 1030 son
1620 985 1816 1031 maltre
1856 997 1924 1031 ne
1954 997 2080 1052 pro·

1071 1051 1190 1106 duit
1225 1073 1443 1106 aucune
1474 1055 1654 1108 action
1680 1097 1692 1121 ,
1738 1074 1830 1108 car
1868 1075 2084 1108 aucune

1070 1129 1370 1204 obligation
1390 1151 1459 1185 ne
1478 1147 1612 1207 peut
1626 1152 1683 1186 se
1700 1131 1904 1186 former
1930 1147 2084 1186 entre

1071 1227 1148 1261 un
1183 1216 1376 1262 maitre
1405 1223 1458 1262 et
1487 1229 1584 1263 son
1616 1207 1861 1277 esclave3
1892 1225 1945 1263 et
1971 1209 2086 1264 sile

1071 1284 1696 1362 delinquantchangede
1711 1292 1904 1341 maitre
1917 1308 1988 1341 ou
2004 1302 2086 1341 est

1070 1362 1360 1430 affrauchi,
1379 1383 1446 1417 on
1465 1383 1534 1418 ne
1550 1378 1684 1439 peut
1704 1367 1819 1439 agir
1831 1368 1883 1419 ni
1898 1380 2085 1419 contre

1070 1439 1149 1493 lui
1171 1442 1224 1493 ni
1249 1454 1441 1495 contre
1467 1462 1564 1495 son
1592 1462 1848 1496 nouveau
1868 1452 2080 1497 maitre.

1069 1521 1591 1593 Consequemment,
1610 1521 1653 1572 si
1670 1518 1920 1575 l'esclave
1939 1519 2083 1574 d'au-

1073 1596 1180 1648 trui
1239 1610 1479 1650 commet
1550 1617 1626 1650 un
1693 1596 1824 1651 delit
1891 1617 2084 1651 envers

1070 1693 1206 1727 vous
1259 1687 1312 1728 et
1368 1693 1527 1748 passe
1567 1694 1695 1729 sous
1741 1689 1894 1730 votre
1930 1678 2081 1750 puis-

1072 1771 1236 1804 sance
1259 1793 1271 1816 ,
1322 1749 1538 1805 l'action
1600 1753 1816 1806 s'eteint
1838 1796 1850 1817 ,
1918 1773 2082 1827 parce

1071 1826 1266 1901 qu'elle
1324 1843 1405 1881 est
1459 1828 1710 1883 devenue
1754 1830 2080 1903 impossible

1071 1904 1207 1958 dans
1236 1905 1288 1958 la
1310 1907 1550 1980 position
1580 1906 1815 1960 actuelle
1843 1908 1938 1961 des
1961 1928 2080 1980 par-

1071 1984 1197 2049 ties;
1243 1996 1295 2036 et
1329 1982 1519 2056 quand
1545 1990 1727 2038 meme
1755 2001 1839 2039 cet
1866 1986 2080 2039 esclave

1070 2062 1311 2113 sortirait
1335 2060 1403 2114 de
1433 2075 1587 2114 votre
1614 2064 1920 2136 puissance,
1942 2083 2079 2116 vous

1068 2157 1138 2190 ne
1164 2140 1418 2213 pourriez
1441 2159 1539 2212 pas
1562 2142 1693 2213 agir.
1718 2143 2081 2217 Reciproque·

1070 2229 1250 2280 nient,
1305 2214 1355 2268 le
1409 2215 1541 2270 delit
1583 2220 1813 2271 commis
1859 2239 1957 2292 par
2001 2240 2075 2272 un

1068 2300 1262 2346 maitre
1322 2312 1519 2347 envers
1575 2314 1677 2348 son
1738 2294 1951 2350 esclave
2010 2316 2079 2350 ne

1068 2369 1256 2423 donne
1296 2390 1515 2424 aucune
1559 2373 1742 2425 action
1791 2377 1822 2426 a
1863 2393 1923 2426 ce
1964 2373 2084 2427 der-

1068 2449 1200 2513 nier,
1225 2451 1406 2502 meme
1428 2446 1673 2525 lorsqu'il
1699 2462 1782 2504 est
1804 2450 2079 2505 affrancbi

1069 2544 1140 2579 ou
1164 2524 1359 2581 alie'ne'.

1147 2846 1198 2889 7.
1221 2837 1323 2888 Les
1342 2836 1570 2889 anciens
1590 2834 1978 2913 appliquaient
1999 2840 2077 2894 les

1067 2917 1278 2965 memes
1319 2911 1497 2985 regies
1537 2932 1646 2965 aux
1674 2912 1758 2967 fils
1781 2914 1847 2969 de
1870 2914 2079 2971 famille

1068 2986 1137 3040 de
1159 2986 1270 3042 l'un
1311 3003 1363 3044 et
1396 2988 1465 3043 de
1502 2987 1694 3044 l’autre
1731 3012 1876 3046 sexe.

1135 3143 1246 3189 Mais
1264 3141 1303 3188 la
1329 3143 1531 3190 nouvelle
1555 3144 1754 3191 doctrine
1777 3147 1852 3204 qui
1875 3146 1990 3204 regit
2011 3147 2076 3193 les

1067 3209 1268 3255 hommes
1290 3223 1501 3269 repousse
1524 3225 1632 3257 avec
1668 3213 1814 3257 raison
1845 3226 1933 3257 une
1953 3227 2074 3258 sem—

1067 3276 1211 3322 blable
1235 3276 1434 3334 rigueur,
1473 3284 1516 3323 et
1555 3277 1725 3334 l'usage
1757 3291 1809 3322 en
1835 3291 1860 3322 a
1885 3280 2075 3326 entiere-

1066 3350 1188 3389 ment
1212 3343 1353 3389 cesse.
1376 3343 1487 3398 Quel
1503 3346 1625 3403 pere,
1651 3357 1705 3388 en
1728 3344 1843 3398 effet,
1872 3346 2076 3392 voudrait

1065 3410 1175 3456 faire
1197 3409 1402 3456 abandon
1429 3410 1558 3456 noxal
1576 3410 1632 3455 de
1648 3422 1727 3454 son
1748 3409 1816 3454 fils
1835 3417 1879 3455 et
1898 3419 2074 3459 surtout

1065 3477 1121 3523 de
1144 3490 1190 3524 sa
1218 3475 1335 3522 fille?
1367 3477 1428 3522 Le
1451 3478 1556 3534 pere
1587 3473 1828 3522 n'aurait-il
1853 3490 1932 3535 pas
1957 3478 2074 3525 alors
