2300 3886
708 197 871 238 lenE
905 195 968 235 111
991 222 1005 247 ,

1050 197 1213 237 TITRE
1259 197 1406 238 XXIV.
1915 182 2029 238 205

91 306 117 333 ⁵¹*
136 321 238 354 nem
255 305 554 360 inclinantem,
577 304 654 351 sed
680 306 774 351 suis
799 303 967 363 pactio·
1019 304 1139 362 regie
1153 305 1329 364 d'apres
1346 305 1405 350 les
1420 305 1594 351 clauses
1606 304 1664 350 du
1679 305 2024 351 contratmeme.

90 372 266 420 *nibus
295 373 591 426 fulciendam,
633 378 676 418 et
714 371 752 417 si
791 370 970 429 quidem
1019 370 1104 415 Les
1127 372 1415 417 conventinus
1443 373 1516 430 qni
1547 371 1750 417 auraient
1782 371 1851 418 ete
1881 372 2026 427 faites,

92 441 298 499 *aliquid
344 447 521 500 pactum
563 439 721 491 fuerit,
781 437 864 482 hoc
911 438 971 481 ita
1020 438 2031 484 serontobserveescommesiellesderivaient

91 506 334 554 *obtinere
365 521 416 552 ac
454 507 489 551 si
533 512 689 549 natura
723 503 821 549 talis
854 511 972 548 esset
1019 504 1074 549 (16
1107 504 1145 548 la
1180 511 1336 548 nature
1370 505 1428 548 du
1454 512 1651 558 contrat,
1679 511 1723 550 et
1745 508 1768 550 ὲ
1801 506 1951 551 deFaut
1974 506 2030 552 de

92 572 389 620 *contractus
428 590 437 617 :
474 573 540 617 sin
575 578 722 615 autem
770 570 875 614 nihil
919 570 974 614 de

92 639 119 665 *
137 642 333 700 periculo
358 641 416 685 rei
442 639 572 683 fuerit
595 644 789 695 pactum,
814 643 918 681 tnnc
937 636 974 680 si

94 708 120 732 ³*
137 706 473 766 quideinlotius
499 705 560 749 rei
584 705 789 748 interitus
823 716 974 748 acces-

93 772 120 799 *
140 776 270 826 serit,
301 772 354 818 ad
380 772 603 816 dominum
629 784 764 829 snper
791 770 872 815 hoc
901 783 974 815 re-

95 838 122 865 *
141 841 341 886 dundare
367 837 634 896 periculum,
672 837 740 881 sin
773 837 973 896 particu-

96 904 121 931 *
137 906 256 960 laris,
280 905 334 951 ad
353 903 801 964 emphyteuticarium
818 904 976 961 hujus-

96 970 256 1017 *modi
297 972 506 1017 damnum
546 972 712 1016 venire.
750 969 846 1024 Quo
878 971 978 1029 jure

96 1036 121 1062 *
145 1037 363 1084 utimur.*

172 1172 226 1219 [ι.
276 1164 412 1214 Item
454 1160 736 1234 quaeritur,
778 1160 819 1210 si
853 1146 1015 1210 cum,

96 1237 316 1291 aurifice
352 1239 528 1290 Titius
564 1238 881 1289 convenerit
922 1250 980 1286 ut

97 1317 140 1368 is
167 1334 231 1367 ex
257 1334 390 1368 auro
421 1335 521 1368 suo
555 1316 685 1367 certi
726 1311 978 1387 ponderis

97 1407 370 1468 certaeque
430 1393 624 1446 formae
675 1389 869 1444 anulos
934 1391 979 1442 ei

96 1470 298 1523 faceret
321 1514 332 1536 ,
389 1483 442 1523 et
496 1472 771 1543 acciperet
829 1466 981 1520 verbi

98 1550 268 1620 gratia
300 1568 497 1602 aureos
542 1546 748 1611 decem,
801 1557 979 1597 utrum

98 1626 300 1699 emptio
338 1640 390 1679 et
431 1625 669 1678 venditio
692 1643 757 1675 an
786 1621 982 1675 locatio

99 1715 152 1755 et
177 1701 472 1756 conductio
499 1701 743 1755 videntur
772 1714 982 1753 contra-

97 1779 190 1833 hi?
218 1782 436 1834 Cassius
471 1784 561 1846 ait,
601 1779 843 1831 materiae
875 1778 986 1852 qui-

100 1856 226 1911 dem
256 1861 592 1930 emptionem
631 1872 682 1908 et
719 1853 983 1908 venditio-

100 1953 225 1987 nem
266 1933 534 1995 contrahi,
577 1952 759 2007 operae
799 1945 981 1984 autem

101 2010 426 2066 locationem
453 2025 504 2065 et
531 2009 982 2074 conductionem3

102 2088 197 2144 sed
209 2088 411 2165 placuit
427 2103 637 2142 tantum
651 2090 983 2162 emptionem

103 2162 986 2233 etvenditionemcontrahi.Quod

103 2246 335 2298 si-suum
378 2264 572 2297 aurum
605 2246 782 2296 Titius
816 2241 985 2295 dede-

103 2323 190 2389 rit,
214 2321 465 2375 mercede
490 2342 588 2396 pro
612 2341 778 2397 opera
801 2321 989 2375 consti-

104 2413 220 2452 tuta
246 2443 258 2466 ‚
311 2399 539 2452 dubium
583 2419 693 2452 non
735 2413 816 2452 est
857 2399 987 2474 quin

103 2475 300 2531 locatio
327 2491 379 2530 et
405 2476 699 2530 conductio
730 2478 817 2530 sit.

183 2564 232 2609 5.
255 2554 571 2608 Conductor
588 2557 774 2608 omniu
799 2572 990 2607 secun-

105 2630 239 2684 dum
278 2631 454 2705 legem
494 2623 878 2684 conductionis
912 2629 984 2682 fa-

107 2728 228 2761 cere
256 2708 440 2776 debet3
472 2726 521 2761 et
549 2711 592 2761 si
620 2707 752 2782 quid
779 2711 833 2761 in
870 2706 990 2781 lege

105 2788 536 2858 praetermissum
593 2785 775 2850 suerit,
824 2784 876 2838 id
925 2805 991 2839 ex

106 2861 323 2916 hono'et
345 2883 506 2939 aequo
528 2861 690 2916 debet
712 2878 986 2937 praestare.

104 2942 209 3010 Qui
249 2960 349 3016 pro
390 2961 491 2994 usu
517 2954 612 2994 aut
637 2944 987 2994 vestimento-

105 3037 228 3072 rum
250 3031 345 3070 aut
381 3021 588 3092 argenti
628 3033 722 3070 aut
757 3017 991 3090 jumenti

108 3095 418 3149 mercedem
449 3110 545 3149 aut
580 3094 730 3148 dedit
752 3109 846 3148 aut
876 3115 992 3169 pro-

111 3172 296 3235 misit,
345 3173 413 3227 ab
464 3193 527 3227 6ο
578 3171 826 3226 custodia
870 3172 990 3226 talis

112 3245 472 3317 desideratur,
507 3250 726 3325 qualem
762 3248 988 3324 diligen-

116 3323 352 3378 tissimus
427 3327 816 3400 paterfamilias
879 3331 990 3381 suis

112 3398 277 3454 rebus
297 3401 542 3458 exhibet:
569 3425 733 3482 quam
761 3408 803 3459 si
827 3425 994 3479 prees-

1021 572 1282 616 convention
1309 585 1386 615 sur
1410 571 1472 616 les
1506 572 1677 630 risqnes
1706 572 1762 617 de
1797 572 1838 617 la
1862 572 2023 627 chose,

1023 637 1061 681 la
1083 643 1206 695 perte
1234 637 1366 682 totale
1390 651 1488 683 sera
1511 638 1746 696 supportee
1766 652 1844 697 par
1868 639 1907 684 le
1932 652 2032 697 pro-

1024 703 1243 762 prietaire,
1275 704 1312 748 la
1341 710 1463 762 perte
1482 703 1680 763 partielle
1709 717 1786 762 par
1810 705 2030 765 l’emphy-

1025 771 1157 816 teote.
1192 771 1269 816 Tel
1296 779 1364 816 est
1402 770 1441 816 le
1471 772 1586 816 droit
1617 785 1704 831 que
1730 784 1838 817 nous
1871 772 2029 817 obser-

1024 850 1150 883 vons.

1100 1168 1152 1214 Δ.
1197 1155 1597 1223 l'areillement,
1623 1161 1665 1210 si
1690 1159 1867 1211 Titius
1892 1177 2030 1212 con-

1031 1235 1178 1287 vient
1208 1254 1340 1287 avec
1364 1254 1434 1287 un
1460 1235 1674 1289 orfevre
1703 1256 1809 1310 que
1832 1255 1891 1291 66
1914 1236 2035 1290 der-

1030 1311 1146 1364 nier
1190 1310 1262 1365 lui
1303 1312 1437 1377 fera,
1489 1333 1557 1366 en
1606 1312 1949 1367 fournissant
1985 1314 2034 1370 16
2093 1334 2096 1335 ’

1032 1388 1215 1453 motai,
1243 1388 1337 1442 des
1374 1410 1626 1443 anneuux
1664 1390 1829 1444 d'une
1859 1390 2036 1447 forme

1032 1480 1083 1518 ct
1105 1465 1232 1519 d'un
1257 1467 1415 1540 poids
1438 1466 1787 1533 determines,
1809 1484 1862 1522 et
1880 1489 2034 1522 rece-

1033 1564 1127 1614 vra
1151 1564 1224 1596 nn
1249 1546 1453 1597 certain
1484 1548 1622 1618 prix,
1662 1566 1733 1599 on
1763 1545 2037 1600 demande

1032 1619 1106 1674 s’il
1137 1642 1165 1696 y
1188 1642 1218 1674 a
1246 1636 1406 1675 vente
1441 1642 1513 1675 ou
1552 1623 1775 1696 louuge?
1814 1627 2037 1678 Cassius

1032 1698 1108 1751 dit
1138 1697 1265 1775 qu'il
1299 1720 1333 1774 y
1362 1719 1393 1752 a
1423 1715 1582 1754 vente
1615 1699 1680 1754 de
1721 1701 1786 1754 la·
1813 1704 2038 1755 muliere

1033 1791 1086 1829 et
1130 1776 1326 1850 louage
1372 1777 1438 1830 de
1484 1777 1534 1830 la
1595 1777 2036 1848 main-d'oeuvi·e;

1033 1856 1168 1906 mais
1195 1874 1264 1906 on
1290 1874 1319 1907 a
1342 1853 1527 1908 decide
1553 1854 1681 1929 qu'il
1712 1859 1882 1910 existe
1913 1877 2040 1910 seu-

1035 1931 1237 1984 lement
1257 1951 1366 1984 une
1387 1949 1560 1986 vente.
1586 1934 1636 1988 Si
1661 1931 1761 1986 l'on
1784 1936 2042 1988 convient

1035 2029 1141 2083 que
1166 2010 1343 2062 Titius
1381 2009 1625 2064 fournira
1665 2010 1715 2064 le
1757 2011 1942 2076 metui,
1970 2032 2039 2066 en

1037 2087 1198 2139 [ixant
1245 2107 1318 2139 un
1363 2086 1556 2140 salaire
1598 2109 1736 2162 pour
1775 2087 1824 2141 la
1866 2092 2041 2142 main·

1035 2162 1291 2231 d'oeuvre‚
1321 2163 1357 2217 il
1383 2185 1418 2240 y
1440 2186 1468 2218 (ι
1496 2164 1688 2241 lounge
1709 2186 1833 2220 sans
1855 2187 2038 2222 aucun

1037 2241 1217 2296 doute.

1118 2562 1168 2606 5.
1196 2556 1269 2605 Le
1293 2572 1530 2625 preneur
1550 2552 1664 2608 doit
1685 2555 1817 2608 faire
1844 2570 1960 2610 tout
1981 2576 2041 2609 66

1041 2650 1148 2705 que
1163 2644 1379 2703 portent
1395 2630 1474 2683 les
1490 2630 1704 2686 clauses
1719 2631 1793 2685 du
1810 2646 2043 2699 contrat,

1041 2720 1093 2760 et
1139 2727 1195 2760 se
1243 2709 1572 2774 conformer,
1636 2730 1775 2783 pour
1832 2730 1893 2764 ce
1946 2712 2042 2786 qui

1042 2783 1266 2838 n'aurait
1294 2806 1390 2860 pus
1414 2789 1496 2838 ete
1516 2789 1705 2860 prevu,
1733 2807 1840 2841 aux
1866 2787 2042 2862 regles

1040 2861 1108 2915 de
1152 2861 1389 2937 l'equite.
1440 2866 1586 2916 Ccux
1632 2867 1722 2940 qui
1766 2867 2043 2937 recoivent

1041 2939 1136 2993 des
1159 2939 1353 3004 habits,
1380 2939 1447 2993 de
1470 2939 1810 3014 l'argenterie
1835 2963 1906 2995 ou
1934 2962 2044 2996 une

1042 3018 1164 3070 bete
1186 3016 1255 3069 de
1279 3037 1509 3081 somme,
1540 3039 1681 3092 pour
1722 3019 1830 3073 s'en
1875 3023 2045 3074 servir

1042 3109 1377 3169 moyennant
1397 3115 1501 3148 une
1527 3096 1847 3150 retribution
1872 3100 2043 3172 puyce

1043 3192 1111 3224 ou
1141 3191 1443 3238 convenae,
1474 3188 1598 3226 sont
1619 3188 1778 3227 tenus
1815 3175 1882 3228 de
1924 3188 2044 3227 tous

1046 3249 1120 3303 les
1149 3250 1295 3303 soins
1322 3269 1427 3323 que
1472 3249 1520 3303 le
1559 3255 1688 3325 pere
1733 3250 1799 3304 de
1841 3250 2045 3304 familie

1046 3326 1090 3379 le
1133 3326 1257 3401 plus
1298 3328 1521 3381 attentis
1548 3343 1660 3382 met
1685 3333 1714 3381 ἐι
1745 3349 1805 3382 sa
1847 3347 2044 3402 propre

1043 3404 1230 3470 chosc;
1280 3407 1413 3458 mais
1459 3404 1700 3481 lorsque,
1741 3405 1947 3478 malgre
1982 3424 2044 3458 66

113 3478 278 3531 titel-it
300 3491 352 3532 et
376 3478 557 3556 aliquo
581 3502 710 3536 casu
733 3503 851 3537 eam
876 3503 990 3537 rem
1045 3484 1179 3548 soin,
1210 3481 1256 3534 lu
1280 3482 1448 3536 chose
1488 3485 1625 3558 perit
1650 3501 1750 3556 par
1777 3481 2042 3549 accident,
