2300 3886
247 214 360 271 188
826 227 1147 271 1Ns'r1'ruTEs
1189 231 1264 272 DE

1307 231 1331 272 J
1337 231 1612 275 USTINIEN

242 333 367 388 bien
394 353 467 408 qn
472 331 523 386 'il
543 352 612 387 ne
631 334 734 388 soit
749 353 845 410 pas
868 355 1070 390 encme
1096 357 1202 413 pav
1208 340 1258 404 e,
1305 339 1646 406 convenerit,
1671 341 1923 415 quamvis
1946 342 2198 399 nondum

244 424 299 466 et
333 409 420 487 qu'
426 431 499 465 on
540 432 573 465 n
577 410 667 466 'ait
705 434 804 489 pas
844 435 1026 469 meme
1073 415 1258 470 donne

243 487 292 543 d
297 510 354 542 ai
359 508 384 544 1
390 489 506 556 lffies
520 510 613 543 car
630 511 690 544 ce
707 511 780 567 qu
799 513 870 547 on
887 492 1104 548 donne
1089 515 1117 547 a
1136 496 1226 548 titi
1231 515 1259 548 e

242 565 380 621 dari
389 566 487 622 hes
532 589 743 643 piouve
793 591 902 647 que
944 571 996 626 la
1030 586 1196 626 vente
1227 593 1253 625 a

242 647 326 700 ete
349 651 680 703 contractee.

309 845 534 892 Toutefois
570 845 663 893 cela
704 847 953 908 s’applique
991 862 1078 894 aux
1103 853 1261 895 ventes

243 913 321 972 qui
359 926 407 959 se
444 913 537 960 font
574 927 679 960 sans
711 915 837 970 ecrit,
868 922 1024 962 ventes
1047 915 1260 975 al’egard

241 979 493 1039 desquelles
541 995 654 1027 nous
703 982 892 1028 n’avons
941 983 1036 1028 rien
1082 982 1257 1031 innove.

243 1045 583 1101 Quantacelles
605 1049 680 1107 qui
705 1062 754 1095 se
778 1049 870 1095 sont
891 1063 970 1108 par
991 1050 1118 1106 ecrit,
1148 1065 1261 1097 nous

243 1126 381 1161 avons
406 1115 560 1161 decide
583 1116 769 1174 qu'elles
795 1131 850 1162 ne
875 1123 1027 1163 seront
1052 1118 1262 1176 parfaites

242 1195 330 1240 que
354 1181 532 1241 lorsque
550 1182 680 1228 l’acte
700 1183 756 1229 de
780 1190 914 1230 vente
932 1197 1039 1231 aura
1065 1184 1135 1231 ete
1152 1186 1263 1231 ecrit

240 1248 297 1293 de
321 1248 362 1293 la
388 1262 548 1308 propre
574 1250 692 1295 main
727 1250 809 1296 des
844 1257 1178 1307 contractants‚
1207 1267 1262 1299 ou

242 1315 356 1361 ecrit
391 1330 470 1376 par
504 1332 563 1362 un
602 1317 710 1363 tiers
735 1324 786 1376 et,
803 1318 931 1376 signe
954 1332 1034 1378 par
1061 1333 1175 1373 eux,
1207 1333 1262 1365 ou

241 1383 386 1428 meme
411 1383 448 1428 si
474 1383 602 1430 l'acte
635 1390 704 1430 est
742 1398 846 1440 recu
884 1400 962 1446 par
1002 1386 1081 1431 des
1117 1387 1262 1432 tabel-

241 1448 377 1503 lions,
411 1450 611 1510 lorsqu’il
646 1465 753 1496 aura
802 1452 872 1497 ete
921 1453 1264 1512 completement

243 1516 410 1563 acheve
434 1519 658 1564 et'revetu
684 1519 739 1564 de
774 1525 918 1566 tontes
958 1534 1042 1566 ses-
1066 1521 1257 1578 formes;

242 1597 334 1639 car,
355 1590 451 1630 tant
471 1585 581 1643 qu'il
597 1600 626 1645 y
643 1598 885 1644 manquera
900 1587 1092 1645 quelque
1109 1588 1258 1643 chose,

241 1663 297 1696 on
323 1664 423 1697 sera
451 1652 561 1699 libre
585 1653 641 1699 de
666 1666 714 1698 se
739 1654 920 1713 dedire‚
950 1661 995 1700 et
1017 1654 1263 1701 l'acheteur

239 1731 295 1763 ou
318 1717 358 1763 le
392 1719 593 1765 vendeur
625 1727 840 1779 pourront
873 1734 921 1767 se
945 1722 1141 1780 departir
1174 1723 1264 1767 im-

241 1785 486 1844 punement
503 1786 557 1832 de
582 1785 623 1831 la
650 1792 797 1833 vente.
825 1789 1066 1844 Toutefois‚
1089 1789 1126 1834 si
1151 1802 1263 1835 nous

242 1851 341 1897 leur
364 1859 640 1911 permettons
669 1854 725 1899 de
749 1868 797 1900 se
824 1855 1020 1913 departir
1052 1856 1262 1915 impune-

242 1925 392 1974 ment,
433 1919 546 1967 c'est
591 1919 818 1980 lorsqu'on
863 1922 937 1967 n‘a
971 1923 1094 1981 point
1118 1923 1264 1970 donne

241 1985 472 2044 d'arrhes;
510 2001 614 2042 car,
653 1988 766 2034 dans
818 1988 858 2034 le
893 2002 970 2035 cas
1008 1990 1256 2045 contraire,

244 2053 328 2098 soit
350 2068 436 2112 que
464 2053 504 2100 la
530 2061 664 2101 vente
687 2056 750 2101 ait
773 2069 828 2101 eu
854 2055 940 2101 lieu
966 2070 1047 2115 par
1076 2057 1186 2102 ecrit
1206 2070 1262 2102 ou

242 2132 348 2166 sans
386 2121 497 2166 e'crit
519 2158 526 2174 ‚
557 2121 802 2168 l'acheteur
827 2137 882 2168 ne
903 2136 1066 2182 pourra
1090 2124 1263 2170 refuser

242 2186 530 2248 d’accomplir
574 2189 614 2234 le
657 2196 833 2236 contrat
872 2203 979 2236 sans
1013 2191 1172 2250 perdre
1210 2206 1263 2237 ce

241 2254 350 2312 qu'il
377 2267 401 2298 a
426 2256 572 2301 donne
594 2292 602 2309 ,
638 2261 682 2301 et
707 2256 747 2301 le
772 2258 972 2303 vendeur
996 2270 1102 2304 sans
1131 2259 1260 2304 resti-

243 2327 343 2367 tuer
366 2335 421 2366 au
460 2322 620 2368 double
657 2337 708 2369 ce
732 2324 839 2382 qu’il
865 2339 890 2370 a
925 2338 1057 2380 recu,
1087 2332 1131 2371 et
1168 2326 1262 2372 cela

241 2388 667 2448 independamment
719 2391 774 2437 de
824 2397 945 2438 toute
995 2393 1260 2439 convention

241 2455 346 2501 faite
371 2470 449 2501 sur
472 2457 536 2503 les
561 2457 732 2505 arrhes.

322 2777 373 2817 1.
420 2761 465 2816 Il
498 2763 616 2817 faut
655 2765 957 2820 constituet*
990 2785 1066 2819 un
1109 2765 1257 2840 prix;

241 2862 335 2897 car
361 2861 576 2895 aucune
604 2855 766 2896 vente
797 2862 866 2897 ne
890 2856 1024 2917 peut
1057 2845 1260 2897 exister

242 2939 369 2975 sans
409 2921 548 2992 prix.
581 2924 662 2973 De
696 2919 850 2996 plus,
892 2921 944 2975 le
980 2924 1103 2996 prix
1146 2920 1262 2974 doit

243 3003 357 3052 etre
390 2997 709 3051 determine.
761 2997 952 3053 C'ctait
995 2999 1068 3053 du
1118 3013 1259 3054 reste

243 3097 319 3130 un
368 3075 524 3149 point
569 3076 846 3129 vivement
907 3080 1261 3131 controverse

242 3153 377 3208 chez
408 3152 488 3205 les
517 3154 768 3218 anciens,
811 3174 919 3229 que
965 3155 1032 3209 de
1078 3157 1260 3209 savoii

242 3231 614 3307 s'ilyavente
652 3229 789 3283 dans
826 3232 876 3284 le
907 3252 998 3287 cas
1040 3253 1111 3287 ou
1151 3231 1257 3285 lon

241 3309 500 3365 convient
547 3307 614 3362 de
661 3306 869 3362 vendre
924 3330 1033 3364 une
1089 3308 1259 3364 chose

243 3409 386 3464 pour
404 3385 454 3441 le
482 3388 607 3464 prix
630 3406 741 3463 que
762 3388 941 3443 Titius
966 3387 1255 3442 arbitrem.

1308 419 1550 490 pietium
1595 433 1952 474 numeratum
1992 423 2089 486 sit,
2134 442 2199 477 ac

1310 514 1376 548 ne
1407 515 1531 550 arra
1571 495 1795 570 quidem
1825 497 1952 552 data
1992 500 2193 554 fuerit:

1311 592 1435 626 nam
1462 574 1610 649 quod
1633 595 1770 628 ailae
1792 579 2015 631 nomine
2037 577 2201 634 datui

1309 670 1370 704 ai
1375 664 1705 724 gumentum
1728 667 1810 707 est
1833 657 2126 730 emptionis
2149 671 2202 710 et

1311 727 1638 784 venditionis
1664 745 1980 788 contractae.

1376 845 1463 892 Sed
1487 846 1585 893 haec
1609 847 1787 907 quidem
1813 849 1870 895 de
1903 850 2204 910 emptionibus

1309 918 1352 958 et
1377 913 1706 961 venditionibus
1725 930 1827 975 quae
1858 918 1955 963 sine
1980 918 2204 979 scriptura

1309 982 1588 1036 consistunt,
1629 982 1830 1029 obtinere
1866 990 2062 1043 oportet;
2101 999 2204 1030 nam

1302 1047 1418 1093 nihil
1444 1061 1468 1093 a
1492 1049 1618 1094 nobis
1643 1049 1687 1094 in
1709 1049 1965 1109 hujusmodi
1983 1051 2205 1098 venditio-

1311 1114 1444 1160 nibus
1481 1116 1741 1162 innovatum
1778 1123 1862 1163 est.
1896 1118 1948 1162 In
1974 1118 2030 1164 iis
2054 1125 2204 1165 autem

1309 1196 1412 1241 quae
1432 1183 1657 1242 scriptura
1681 1183 1992 1239 conficiuntur,
2015 1199 2103 1230 non
2123 1185 2204 1231 ali-

1311 1255 1378 1294 ter
1413 1249 1659 1307 perfectam
1693 1264 1794 1297 esse
1831 1252 2133 1299 venditionem
2159 1259 2204 1299 et

1311 1317 1576 1375 emptionem
1598 1318 1927 1373 constituimus,
1947 1318 2034 1365 nisi
2059 1324 2103 1366 et
2127 1319 2202 1365 in-

1310 1389 1560 1430 strumenta
1611 1385 1850 1444 emptionis
1887 1385 2054 1432 suerint
2097 1400 2203 1434 con-

1311 1451 1503 1509 scripta,
1544 1451 1614 1498 vel
1651 1465 1785 1498 manu
1818 1453 1997 1513 propria
2021 1460 2203 1500 contra·

1312 1517 1527 1573 hentium,
1556 1518 1626 1564 vel
1651 1519 1707 1564 ab
1727 1519 1813 1566 alio
1836 1521 2017 1579 quidem
2037 1522 2204 1581 scripta

1310 1597 1336 1628 a
1356 1586 1727 1631 contrahentibus
1752 1592 1902 1633 autem
1928 1588 2200 1648 subscripta3

1310 1657 1355 1696 et
1390 1652 1429 1697 si
1468 1665 1548 1711 per
1586 1653 1842 1700 tabelliones
1879 1654 2020 1710 fiunt,
2049 1655 2134 1701 nisi
2160 1661 2205 1702 et

1310 1719 1628 1778 completiones
1652 1722 1931 1780 acceperint,
1972 1728 2017 1768 et
2040 1722 2210 1785 fuerint>

1311 1787 1512 1844 partibus
1536 1786 1755 1832 absoluta.
1795 1789 1944 1834 Donec
1979 1788 2098 1835 enim
2127 1788 2204 1834 ali-

1310 1853 1416 1910 quid
1457 1853 1585 1899 deest
1620 1867 1672 1899 ex
1710 1853 1804 1910 his,
1850 1861 1895 1901 et
1927 1856 2205 1915 poenitentiae

1310 1919 1434 1966 locus
1456 1925 1542 1976 est,
1572 1925 1617 1965 et
1640 1926 1791 1980 potest
1811 1929 1984 1982 emptor
2005 1922 2075 1969 vel
2098 1937 2204 1968 ven-

1309 1986 1427 2032 ditor
1446 1988 1542 2033 sine
1563 2000 1695 2047 poena
1719 1989 1929 2035 recedere
1945 1989 2001 2034 ab
2018 1991 2205 2048 emptio-

1310 2068 1383 2100 ne.
1414 2054 1482 2099 Ita
1506 2060 1653 2099 tamen
1681 2054 1862 2112 impune
1892 2057 1957 2102 eis
1994 2056 2204 2103 recedere

1309 2121 1618 2176 concedimus,
1648 2121 1734 2166 nisi
1769 2123 1861 2181 J'am
1899 2136 2100 2169 arrarum
2126 2138 2203 2170 no-

1310 2188 1429 2233 mine
1452 2188 1626 2247 aliquid>
1652 2188 1786 2234 fuerit
1810 2190 1962 2235 datum
1991 2204 2001 2238 :
2027 2191 2108 2236 hoc
2138 2197 2203 2237 et-

1309 2255 1426 2301 enim
1444 2256 1700 2309 subsecuto‚
1723 2256 1876 2302 sivein
1891 2259 2088 2316 scriptis,
2108 2258 2204 2304 sive

1309 2322 1404 2368 sine
1428 2323 1607 2382 scriptis
1633 2323 1829 2368 venditio
1853 2325 2077 2370 celebrata
2101 2332 2197 2381 est,

1310 2390 1345 2434 is
1360 2389 1434 2448 qui
1450 2395 1627 2435 recusat
1643 2389 1886 2448 adimplere
1901 2398 2196 2445 contractum,

1309 2457 1345 2502 si
1370 2456 1550 2516 quidem
1577 2462 1645 2502 est
1673 2463 1860 2515 emptor,
1901 2458 2045 2517 perdit
2083 2458 2200 2518 quod

1309 2524 1448 2582 dedit,
1475 2524 1512 2569 si
1531 2537 1637 2569 vero
1656 2524 1877 2579 venditor,
1900 2524 2087 2585 duplum
2107 2538 2201 2572 res-

1310 2593 1469 2637 tituere
1482 2590 1762 2650 compellitur
1786 2628 1793 2646 ,
1816 2590 1920 2638 licet
1937 2605 2072 2654 super
2089 2593 2204 2640 artis

1310 2658 1417 2704 nihil
1438 2671 1702 2718 expressum
1729 2664 1814 2705 est.

1392 2775 1439 2816 1.
1467 2761 1707 2816 Pretium
1729 2775 1914 2817 autem
1944 2764 2201 2819 constitui

1309 2853 1559 2914 oportet,
1611 2860 1740 2894 nam
1787 2839 1943 2895 nulla
1995 2845 2200 2918 emptio

1309 2921 1426 2973 sine
1444 2920 1622 2994 pretio
1647 2938 1767 2972 esse
1796 2931 1991 2994 potest.
2016 2919 2119 2975 Sed
2147 2934 2202 2973 et

1310 3011 1522 3051 certum
1559 2997 1798 3071 pretium
1835 3016 1955 3051 esse
1999 2995 2196 3051 debet:

1307 3075 1554 3151 alioquin
1603 3077 1647 3128 si
1688 3075 1832 3127 inter
1869 3072 2083 3148 aliquos
2124 3077 2198 3128 ita

1308 3152 1660 3216 convenerit,
1694 3163 1756 3202 ut
1792 3153 1982 3226 quanti
2019 3153 2197 3207 Titius

1307 3249 1422 3283 rem
1487 3228 1864 3293 aestimaverit,
1931 3231 2069 3282 tanti
2128 3232 2199 3284 sit

1307 3319 1521 3382 empta,
1582 3305 1727 3358 inter
1796 3319 2011 3361 veteres
2068 3310 2197 3363 satis

1307 3381 1640 3459 abundeque
1673 3381 1781 3438 hoc
1809 3383 2193 3452 dubitabatur,

1307 3465 1423 3517 sive
1497 3473 1713 3517 constat
1776 3462 2017 3519 venditio
2081 3465 2193 3519 sive

1309 3560 1435 3598 non.
